code,time,price,vol,type,order_type,order_no
000584,91500060,6.98,22,2,2,1695
000584,91500100,6.99,48,2,2,3256
000584,91500100,6.91,8,2,2,3423
000584,91500120,6.85,46,2,2,4106
000584,91500120,5.74,4,2,1,4207
000584,91500150,6.99,40,2,2,5192
000584,91500150,6.98,9,2,2,5360
000584,91500170,6.49,25,2,2,5935
000584,91500170,6.59,25,2,2,5937
000584,91500170,6.26,30,2,1,5938
000584,91500180,6.98,269,2,2,6154
000584,91500180,6.55,100,2,2,6523
000584,91500180,6.6,100,2,2,6524
000584,91500180,6.2,100,2,1,6525
000584,91500180,6.17,100,2,1,6526
000584,91500210,6.49,84,2,2,7439
000584,91500230,6.36,2,2,1,8693
000584,91500240,6.77,20,2,2,8769
000584,91500240,6.99,58,2,2,9151
000584,91500260,6.97,6,2,2,9868
000584,91500260,6.73,4,2,2,9871
000584,91500380,6.88,3,2,2,12777
000584,91500460,6.22,5,2,1,14835
000584,91500500,6.91,100,2,2,16247
000584,91500540,6.11,406,2,1,17690
000584,91500650,6.35,2,2,2,21819
000584,91500690,6.99,1,2,2,23105
000584,91500730,6.91,13,2,2,24332
000584,91500840,6.49,7,2,2,27884
000584,91500940,6.75,5,2,2,30102
000584,91500950,6.99,50,2,2,30282
000584,91501120,6.7,8,2,2,33719
000584,91501120,6.98,8,2,2,33722
000584,91501130,6.0,8,2,1,33786
000584,91501450,6.6,4,2,2,41123
000584,91501710,6.26,100,2,1,46796
000584,91501710,6.29,80,2,1,46799
000584,91501710,6.26,70,2,1,46801
000584,91502190,6.99,4,2,2,53674
000584,91502370,6.77,1,2,2,56073
000584,91502490,6.05,3,2,1,57619
000584,91502490,6.2,3,2,1,57620
000584,91502490,6.25,3,2,1,57621
000584,91502610,6.35,12,2,2,59197
000584,91502710,6.99,1,2,2,60194
000584,91502780,6.35,10,2,2,60897
000584,91502900,6.99,15,2,2,62011
000584,91502910,5.8,12,2,1,62102
000584,91503140,6.54,6,2,2,64401
000584,91503210,6.06,5,2,1,65082
000584,91503760,6.99,10,2,2,69131
000584,91503760,6.95,10,2,2,69132
000584,91503760,6.91,10,2,2,69133
000584,91503760,6.87,10,2,2,69134
000584,91503760,6.83,10,2,2,69135
000584,91503760,6.79,10,2,2,69136
000584,91503760,6.75,10,2,2,69137
000584,91503760,6.71,10,2,2,69138
000584,91503760,6.67,10,2,2,69139
000584,91503760,6.63,10,2,2,69140
000584,91503760,6.59,10,2,2,69141
000584,91503760,6.55,10,2,2,69142
000584,91503760,6.51,10,2,2,69143
000584,91503760,6.47,10,2,2,69144
000584,91503760,6.43,10,2,2,69145
000584,91503760,6.4,10,2,2,69146
000584,91503760,6.1,40,2,1,69148
000584,91503760,6.08,50,2,1,69149
000584,91503760,6.28,30,2,1,69150
000584,91504210,6.98,85,2,2,72006
000584,91504520,6.7,5,2,2,73934
000584,91504790,6.02,20,2,1,75540
000584,91505500,6.6,5,2,2,78832
000584,91505630,6.95,10,2,2,79449
000584,91506590,6.17,10,2,1,83143
000584,91506590,6.08,10,2,1,83144
000584,91506590,6.04,10,2,1,83146
000584,91506590,6.01,20,2,1,83152
000584,91506590,5.98,20,2,1,83154
000584,91507060,6.75,5,2,2,84912
000584,91507220,6.63,20,2,2,85215
000584,91507220,6.88,20,2,2,85216
000584,91507270,6.13,20,2,1,85339
000584,91511310,6.7,20,2,2,91318
000584,91511760,6.8,28,2,2,91822
000584,91518260,5.72,1,2,1,93147
000584,91711110,6.86,37,2,2,100536
000584,91720580,6.35,1,2,2,101369
000584,91720830,6.16,50,2,1,101395
000584,91733510,6.5,13,2,2,102540
000584,91738560,6.99,10,2,2,102994
000584,91749650,6.4,200,2,2,104000
000584,91753710,6.99,4,2,2,104370
000584,91800980,6.0,100,2,1,105048
000584,91806170,6.99,70,2,2,105630
000584,91830630,6.42,10,2,2,107904
000584,91930540,5.75,10,2,1,114112
000584,91935890,6.06,50,2,1,114658
000584,91955420,6.9,10,2,2,116690
000584,92009670,6.44,6,2,2,118177
000584,92035360,6.46,50,2,2,120741
000584,92043510,6.47,3,2,2,121550
000584,92048490,6.98,100,2,2,122086
000584,92051430,6.68,58,2,2,122395
000584,92102980,6.2,38,2,1,123673
000584,92104110,6.78,50,2,2,123782
000584,92113650,6.88,50,2,2,124766
000584,92114780,6.32,100,2,1,124880
000584,92115810,6.89,3,2,2,124991
000584,92116020,6.23,10,2,1,125007
000584,92116060,6.98,7,2,2,125012
000584,92117900,6.25,10,2,1,125219
000584,92122110,6.5,12,2,2,125660
000584,92134520,6.22,10,2,1,127021
000584,92139610,6.28,32,2,1,127559
000584,92150780,6.21,20,2,1,128761
000584,92202890,6.41,27,2,2,130259
000584,92233520,6.99,15,2,2,134179
000584,92235070,6.33,70,2,1,134374
000584,92236220,6.35,118,2,1,134550
000584,92246240,6.38,10,2,2,135959
000584,92256920,6.21,5,2,1,137513
000584,92303200,6.45,19,2,2,138461
000584,92312510,6.49,50,2,2,139816
000584,92314370,6.21,4,2,1,140073
000584,92320020,6.65,100,2,2,140923
000584,92322500,6.11,10,2,1,141321
000584,92325660,6.42,9,2,1,141786
000584,92325720,6.3,5,2,1,141794
000584,92326390,6.99,200,2,2,141924
000584,92338470,6.21,28,2,1,143989
000584,92401590,6.16,2,2,2,147918
000584,92409340,6.75,30,2,2,149482
000584,92421330,6.36,300,2,1,152274
000584,92431940,6.55,1,2,1,154966
000584,92437680,6.37,30,2,1,156469
000584,92438350,6.33,200,2,1,156673
000584,92440600,6.86,3,2,2,157335
000584,92444590,6.35,79,2,2,158571
000584,92451510,6.17,1,2,2,160607
000584,92452300,6.3,200,2,1,160833
000584,92453320,6.33,21,2,1,161141
000584,92459050,6.39,63,2,1,163667
000584,93000110,6.8,10,2,2,189021
000584,93000190,6.37,1,2,1,194443
000584,93000300,6.39,20,2,2,200129
000584,93000460,6.4,78,2,1,206297
000584,93000470,5.73,7,2,1,206572
000584,93000600,6.4,5,2,2,211527
000584,93000690,6.1,10,2,1,214870
000584,93000740,6.32,20,2,1,216030
000584,93001020,6.99,30,2,2,225971
000584,93001080,6.37,14,2,2,227556
000584,93001120,6.49,15,2,2,228514
000584,93001160,6.3,20,2,1,229686
000584,93001240,6.36,10,2,2,231500
000584,93001390,6.4,1,2,1,236276
000584,93001410,6.28,16,2,1,236850
000584,93001460,6.99,30,2,2,238300
000584,93001480,6.39,76,2,2,238771
000584,93001750,6.95,66,2,2,244675
000584,93001780,6.89,47,2,2,245339
000584,93001920,6.38,29,2,1,247863
000584,93002480,6.44,10,2,2,258009
000584,93002510,6.38,1,2,1,258726
000584,93002690,6.43,10,2,2,261121
000584,93002990,6.49,2,2,2,265426
000584,93003250,6.27,5,2,1,268870
000584,93003280,6.31,32,2,1,269199
000584,93003520,6.38,9,2,1,271455
000584,93003540,6.59,93,2,2,271745
000584,93003580,6.29,5,2,1,272102
000584,93003590,6.8,15,2,2,272149
000584,93003630,6.31,5,2,1,272544
000584,93003760,6.22,5,2,1,273549
000584,93003930,6.31,34,2,1,275063
000584,93004190,6.38,3,2,1,277280
000584,93004320,6.38,2,2,2,278511
000584,93004520,6.22,32,2,1,280042
000584,93004660,6.4,210,2,1,280782
000584,93005010,6.56,12,2,2,283616
000584,93005230,6.11,33,2,1,285390
000584,93005250,6.55,64,2,2,285611
000584,93005400,6.4,5,2,2,286469
000584,93005660,6.31,20,2,1,287946
000584,93005850,6.02,35,2,1,289009
000584,93006160,6.45,10,2,2,290924
000584,93006240,6.85,15,2,2,291591
000584,93006700,6.99,20,2,2,293818
000584,93006700,6.43,10,2,2,293839
000584,93008130,6.57,10,2,2,300338
000584,93008310,6.37,27,2,1,301441
000584,93008340,6.44,200,2,2,301601
000584,93009260,6.3,10,2,1,304396
000584,93009360,6.3,17,2,1,304890
000584,93009400,6.38,18,2,1,305059
000584,93012000,6.38,2,2,2,310230
000584,93012080,6.41,25,2,2,310340
000584,93012450,6.98,5,2,2,310958
000584,93014570,6.46,15,2,2,314698
000584,93017370,6.37,14,2,2,319009
000584,93018450,6.4,197,2,1,320842
000584,93019080,6.38,20,2,2,322131
000584,93019320,6.4,10,2,1,322478
000584,93020940,6.39,2,2,2,324718
000584,93021280,6.4,2,2,1,325358
000584,93021280,6.4,1,2,1,325363
000584,93023650,6.44,20,2,2,329221
000584,93024080,6.41,1,2,1,329962
000584,93024350,6.4,65,2,2,330429
000584,93031660,6.39,30,2,1,342802
000584,93032210,6.39,22,2,1,343627
000584,93035270,6.39,517,2,2,349075
000584,93035560,6.41,12,2,1,349488
000584,93036010,6.41,6,2,2,350213
000584,93039900,6.39,56,2,1,357467
000584,93041790,6.41,60,2,2,360731
000584,93046300,6.41,6,2,2,369362
000584,93047640,6.38,11,2,2,371308
000584,93048240,6.38,2,2,1,372261
000584,93048960,6.49,63,2,2,373813
000584,93051740,6.48,30,2,2,378872
000584,93052490,6.43,4,2,2,380340
000584,93052930,6.39,10,2,1,381129
000584,93055640,6.38,20,2,2,385801
000584,93056620,6.57,20,2,2,387286
000584,93057040,6.39,30,2,2,388112
000584,93057220,6.36,18,2,1,388398
000584,93058500,6.38,7,2,2,390756
000584,93100260,6.36,1,2,1,393408
000584,93100500,6.43,10,2,2,393913
000584,93101050,6.38,18,2,2,395186
000584,93101880,6.31,10,2,1,396617
000584,93102620,6.39,150,2,1,397744
000584,93103220,6.37,43,2,1,398759
000584,93103260,6.36,2,2,1,398862
000584,93103260,6.36,6,2,1,398869
000584,93104110,6.38,1,2,2,400902
000584,93104170,6.99,63,2,2,400995
000584,93104510,6.38,78,2,1,401535
000584,93104960,6.38,1,2,2,402228
000584,93106740,6.43,20,2,2,405409
000584,93106980,6.38,40,2,2,405904
000584,93110930,6.39,51,2,1,412973
000584,93114440,6.37,10,2,1,419188
000584,93115310,6.38,1,2,1,420701
000584,93121150,6.95,10,2,2,430828
000584,93124350,6.4,19,2,2,437441
000584,93128430,6.42,10,2,2,446325
000584,93128570,6.43,20,2,2,446622
000584,93128780,6.38,30,2,2,447002
000584,93129150,6.48,25,2,2,447730
000584,93130620,6.2,100,2,1,450331
000584,93131180,6.46,4,2,2,451525
000584,93131290,6.39,1,2,2,451740
000584,93132070,6.38,55,2,2,453293
000584,93132570,6.38,20,2,2,454376
000584,93135570,6.38,1,2,2,460666
000584,93136220,6.38,6,2,2,461801
000584,93136690,6.38,7,2,1,462831
000584,93139140,6.37,2,2,1,467455
000584,93139190,6.37,2,2,1,467544
000584,93140110,6.6,40,2,2,469562
000584,93141300,6.38,8,2,1,471723
000584,93142180,6.37,6,2,2,473136
000584,93142530,6.5,3,2,2,473973
000584,93144290,6.38,1,2,1,477676
000584,93144310,6.38,2,2,1,477708
000584,93144360,6.38,1,2,1,477771
000584,93145230,6.37,1,2,1,479285
000584,93146190,6.38,6,2,2,481308
000584,93148220,6.38,1,2,1,484813
000584,93148220,6.38,2,2,1,484842
000584,93149080,6.4,1,2,2,487006
000584,93149110,6.47,26,2,2,487064
000584,93149750,6.98,40,2,2,488201
000584,93150570,6.48,20,2,2,489507
000584,93151320,6.5,10,2,2,490926
000584,93153110,6.42,48,2,2,494677
000584,93153260,6.35,20,2,2,494849
000584,93154160,6.37,3,2,1,496245
000584,93154160,6.37,3,2,1,496246
000584,93154160,6.37,4,2,1,496262
000584,93154170,6.38,2,2,1,496272
000584,93154170,6.38,2,2,1,496274
000584,93154170,6.38,1,2,1,496276
000584,93154170,6.38,4,2,1,496278
000584,93154170,6.37,16,2,1,496289
000584,93154220,6.38,5,2,1,496365
000584,93154230,6.37,32,2,1,496388
000584,93154230,6.38,2,2,1,496389
000584,93155550,6.37,15,2,1,499372
000584,93156940,6.36,1,2,2,501772
000584,93157100,6.38,2,2,1,502062
000584,93157100,6.38,1,2,1,502064
000584,93157100,6.38,1,2,1,502066
000584,93157100,6.38,1,2,1,502068
000584,93157210,6.38,4,2,1,502248
000584,93157210,6.38,2,2,1,502250
000584,93157990,6.6,193,2,2,503844
000584,93158870,6.38,43,2,1,505307
000584,93200470,6.38,1,2,1,508700
000584,93200470,6.38,5,2,1,508705
000584,93200810,6.38,11,2,2,509619
000584,93205260,6.43,1,2,1,518453
000584,93206280,6.39,37,2,1,520456
000584,93207890,6.13,81,2,1,524289
000584,93208260,6.58,25,2,2,524910
000584,93208670,6.39,10,2,2,525506
000584,93209840,6.38,1,2,1,527936
000584,93209850,6.38,1,2,1,527980
000584,93209870,6.38,1,2,1,528018
000584,93209910,6.38,1,2,1,528136
000584,93210040,6.38,1,2,1,528424
000584,93210140,6.38,4,2,1,528635
000584,93210160,6.38,1,2,1,528660
000584,93210220,6.38,1,2,1,528784
000584,93210240,6.38,2,2,1,528837
000584,93210250,6.38,1,2,1,528850
000584,93210320,6.38,1,2,1,529005
000584,93210460,6.38,1,2,1,529245
000584,93210830,6.38,1,2,1,529902
000584,93211420,6.39,136,2,1,531073
000584,93212140,6.38,1,2,1,532276
000584,93212350,6.39,1,2,1,532807
000584,93212350,6.39,1,2,1,532811
000584,93212890,6.34,173,2,1,534219
000584,93213090,6.39,13,2,2,534631
000584,93214650,6.38,3,2,1,537601
000584,93215180,6.39,1,2,1,538649
000584,93217080,6.4,19,2,2,542674
000584,93218300,6.99,12,2,2,544740
000584,93219560,6.43,12,2,2,547526
000584,93222320,6.43,130,2,2,552796
000584,93227190,6.28,20,2,1,561190
000584,93230020,6.39,10,2,2,566499
000584,93231840,6.5,3,2,2,570103
000584,93232340,6.38,10,2,2,570770
000584,93233170,6.39,1,2,1,572273
000584,93233170,6.39,1,2,1,572275
000584,93233170,6.39,1,2,1,572277
000584,93233170,6.39,1,2,1,572278
000584,93233240,6.38,28,2,1,572407
000584,93236320,6.39,3,2,1,578341
000584,93236320,6.39,1,2,1,578342
000584,93236330,6.39,2,2,2,578383
000584,93238540,6.46,16,2,2,582666
000584,93238640,6.24,10,2,1,582884
000584,93238760,6.4,8,2,1,583120
000584,93239800,6.4,10,2,2,585278
000584,93241630,6.4,10,2,2,588596
000584,93242050,6.38,13,2,1,589233
000584,93244490,6.99,14,2,2,593773
000584,93245300,6.39,2,2,1,595070
000584,93246000,6.58,100,2,2,596539
000584,93250070,6.48,200,2,2,604146
000584,93250200,6.36,10,2,1,604317
000584,93255390,6.99,2,2,1,613826
000584,93256010,6.39,1,2,1,614789
000584,93256020,6.39,1,2,1,614795
000584,93256030,6.44,40,2,2,614819
000584,93256250,6.39,1,2,1,615101
000584,93256290,6.39,1,2,1,615160
000584,93256350,6.39,1,2,1,615250
000584,93256450,6.39,1,2,1,615404
000584,93256480,6.39,1,2,1,615482
000584,93256520,6.39,1,2,1,615544
000584,93256530,6.39,1,2,1,615550
000584,93256580,6.39,1,2,1,615672
000584,93257070,6.39,1,2,1,616424
000584,93259360,6.67,3,2,2,620875
000584,93301450,6.39,1,2,1,625406
000584,93302760,6.4,100,2,2,627745
000584,93303510,6.98,5,2,2,629101
000584,93303550,6.38,2,2,1,629174
000584,93303660,6.4,8,2,1,629528
000584,93306100,6.89,3,2,2,634168
000584,93308390,6.44,10,2,2,638663
000584,93308770,6.48,12,2,1,639248
000584,93308800,6.4,10,2,1,639277
000584,93309190,6.39,2,2,1,639889
000584,93309240,6.39,2,2,1,639979
000584,93309770,6.4,13,2,1,641169
000584,93311190,6.45,10,2,2,644009
000584,93311530,6.37,76,2,1,644674
000584,93311990,6.4,60,2,2,645371
000584,93312200,6.39,31,2,1,645763
000584,93312600,6.42,10,2,2,646722
000584,93315100,6.4,4,2,1,651242
000584,93315100,6.4,6,2,1,651244
000584,93315100,6.4,10,2,1,651246
000584,93315160,6.4,6,2,1,651403
000584,93315160,6.4,3,2,1,651405
000584,93315160,6.39,1,2,1,651422
000584,93318170,6.4,3,2,1,656775
000584,93318170,6.4,8,2,1,656777
000584,93320150,6.4,100,2,2,660721
000584,93320240,6.36,10,2,1,660853
000584,93320340,6.5,9,2,2,661010
000584,93321860,6.39,66,2,2,663810
000584,93322300,6.52,15,2,2,664740
000584,93324190,6.39,5,2,1,668573
000584,93324220,6.39,1,2,1,668643
000584,93324310,6.39,12,2,1,668833
000584,93324310,6.39,1,2,1,668838
000584,93324440,6.39,3,2,1,669069
000584,93324980,6.39,1,2,1,670430
000584,93324980,6.39,1,2,1,670432
000584,93324980,6.39,1,2,1,670433
000584,93325070,6.99,30,2,2,670621
000584,93325320,6.39,10,2,2,671249
000584,93327270,6.39,5,2,1,674507
000584,93327280,6.39,2,2,1,674516
000584,93328560,6.39,3,2,2,677547
000584,93329220,6.5,10,2,2,678869
000584,93329540,6.41,75,2,2,679450
000584,93329750,6.9,2,2,2,679920
000584,93334970,6.6,9,2,2,690973
000584,93340360,6.39,3,2,2,702033
000584,93343850,6.4,1,2,1,708839
000584,93343860,6.4,1,2,1,708882
000584,93343940,6.4,1,2,1,709009
000584,93343960,6.4,11,2,1,709057
000584,93344010,6.4,6,2,1,709129
000584,93344100,6.4,2,2,1,709273
000584,93344140,6.4,1,2,1,709346
000584,93344150,6.4,1,2,1,709360
000584,93344280,6.4,4,2,1,709536
000584,93344450,6.4,1,2,1,709912
000584,93344560,6.39,1,2,1,710078
000584,93344700,6.39,26,2,1,710301
000584,93345100,6.4,1,2,1,710814
000584,93345170,6.39,1,2,1,710966
000584,93345660,6.39,12,2,1,712092
000584,93346020,6.39,20,2,2,712899
000584,93347010,6.4,1,2,1,714630
000584,93347010,6.4,1,2,1,714638
000584,93347160,6.38,28,2,1,714842
000584,93347370,6.4,1,2,1,715198
000584,93347440,6.4,3,2,1,715382
000584,93347450,6.4,1,2,1,715510
000584,93347510,6.4,9,2,1,715593
000584,93347520,6.4,5,2,1,715619
000584,93347590,6.4,1,2,1,715749
000584,93347650,6.4,1,2,1,715849
000584,93348240,6.4,218,2,1,716766
000584,93348800,6.4,70,2,1,718000
000584,93348890,6.5,20,2,2,718197
000584,93351290,6.39,1,2,1,722013
000584,93351380,6.4,2,2,1,722259
000584,93351430,6.4,2,2,1,722358
000584,93351470,6.39,1,2,1,722423
000584,93351540,6.39,1,2,1,722584
000584,93351590,6.39,1,2,1,722686
000584,93351660,6.39,1,2,1,722841
000584,93352280,6.33,5,2,1,724171
000584,93352690,6.39,1,2,1,724893
000584,93354280,6.4,1,2,1,727334
000584,93354280,6.4,1,2,1,727337
000584,93354410,6.4,177,2,1,727670
000584,93355030,6.4,1,2,1,729054
000584,93355920,6.41,3,2,1,730768
000584,93356880,6.4,5,2,2,732386
000584,93357090,6.41,3,2,1,732740
000584,93357090,6.41,3,2,1,732742
000584,93357090,6.41,6,2,1,732744
000584,93357100,6.41,6,2,1,732755
000584,93357190,6.41,3,2,1,732937
000584,93357260,6.41,3,2,1,733101
000584,93357260,6.41,2,2,1,733103
000584,93357270,6.41,10,2,1,733132
000584,93357290,6.41,31,2,1,733213
000584,93357320,6.41,1,2,1,733288
000584,93357320,6.41,2,2,1,733290
000584,93357320,6.41,2,2,1,733292
000584,93357330,6.41,2,2,1,733302
000584,93357330,6.41,3,2,1,733310
000584,93357360,6.41,2,2,1,733361
000584,93357410,6.41,1,2,1,733443
000584,93357430,6.41,1,2,1,733500
000584,93357480,6.39,1,2,1,733612
000584,93357480,6.39,1,2,1,733613
000584,93357600,6.39,4,2,2,733896
000584,93358370,6.41,1,2,1,735436
000584,93358450,6.78,32,2,2,735570
000584,93358720,6.41,30,2,1,736068
000584,93358920,6.5,50,2,2,736424
000584,93359280,6.41,1,2,1,736923
000584,93400170,6.41,5,2,1,738537
000584,93400170,6.41,1,2,1,738544
000584,93400170,6.41,1,2,1,738546
000584,93400190,6.41,4,2,1,738592
000584,93400200,6.41,4,2,1,738606
000584,93400200,6.41,1,2,1,738608
000584,93400210,6.41,1,2,1,738630
000584,93400210,6.41,2,2,1,738633
000584,93400210,6.41,7,2,1,738649
000584,93400220,6.41,1,2,1,738652
000584,93400230,6.41,4,2,1,738696
000584,93400250,6.41,2,2,1,738732
000584,93400260,6.41,2,2,1,738747
000584,93400320,6.41,2,2,1,738897
000584,93400330,6.41,10,2,1,738909
000584,93400390,6.41,8,2,1,739049
000584,93400420,6.41,1,2,1,739123
000584,93400470,6.41,5,2,1,739210
000584,93400510,6.41,5,2,1,739259
000584,93400560,6.41,6,2,1,739451
000584,93400620,6.41,4,2,1,739655
000584,93400720,6.41,1,2,1,739907
000584,93401090,6.35,5,2,1,740702
000584,93401780,6.4,36,2,2,741969
000584,93403350,6.41,4,2,1,744680
000584,93403360,6.41,18,2,2,744702
000584,93403380,6.41,1,2,1,744730
000584,93403380,6.41,1,2,1,744731
000584,93403520,6.42,6,2,1,745019
000584,93404740,6.41,15,2,1,747228
000584,93406140,6.41,2,2,1,749894
000584,93406190,6.41,2,2,1,750020
000584,93406220,6.41,4,2,1,750107
000584,93406330,6.42,5,2,2,750329
000584,93408400,6.41,1,2,1,753910
000584,93409210,6.98,11,2,2,755134
000584,93410750,6.46,10,2,2,758317
000584,93410750,6.39,1,2,1,758318
000584,93411850,6.41,3,2,1,759899
000584,93412280,6.37,5,2,1,760602
000584,93412470,6.42,176,2,1,761007
000584,93415260,6.42,5,2,1,765818
000584,93415270,6.42,15,2,2,765828
000584,93415330,6.42,1,2,1,765977
000584,93416850,6.99,30,2,2,769151
000584,93417080,6.42,20,2,1,769463
000584,93417610,6.55,24,2,2,770419
000584,93420760,6.43,143,2,1,776118
000584,93421160,6.43,3,2,1,776657
000584,93421230,6.43,1,2,1,776755
000584,93421350,6.43,1,2,1,777011
000584,93421440,6.43,11,2,1,777179
000584,93421590,6.42,2,2,2,777509
000584,93424780,6.41,6,2,1,782768
000584,93428000,6.43,70,2,1,788456
000584,93429880,6.43,1,2,1,791483
000584,93430300,6.43,5,2,1,792096
000584,93430470,6.43,1,2,1,792423
000584,93430470,6.43,1,2,1,792437
000584,93431110,6.41,1,2,1,793728
000584,93431140,6.41,1,2,1,793794
000584,93431190,6.41,1,2,1,793892
000584,93431200,6.41,1,2,1,793936
000584,93431350,6.41,1,2,1,794129
000584,93433220,6.43,64,2,1,796921
000584,93433500,6.44,2,2,1,797537
000584,93433550,6.44,131,2,1,797627
000584,93434040,6.41,1,2,1,798821
000584,93436180,6.44,6,2,1,802388
000584,93436250,6.45,1,2,1,802537
000584,93436850,6.44,8,2,1,803798
000584,93437200,6.45,30,2,2,804459
000584,93437270,6.78,12,2,2,804571
000584,93438060,6.5,24,2,2,805616
000584,93440180,6.44,1,2,2,809455
000584,93441460,6.44,5,2,2,811520
000584,93441600,6.5,4,2,2,811725
000584,93441620,6.45,12,2,1,811753
000584,93442300,6.48,10,2,2,812781
000584,93443790,6.47,5,2,2,815804
000584,93444280,6.47,20,2,2,816530
000584,93444990,6.45,6,2,2,817576
000584,93445130,6.47,10,2,2,817777
000584,93445650,6.47,3,2,1,818710
000584,93447190,6.45,148,2,2,821151
000584,93448260,6.44,1,2,2,822722
000584,93448680,6.47,10,2,2,823542
000584,93449660,6.45,34,2,1,825269
000584,93450010,6.41,1,2,1,825819
000584,93450330,6.45,23,2,2,826329
000584,93451330,6.44,1,2,2,827847
000584,93451690,6.37,20,2,1,828683
000584,93452020,6.47,45,2,2,829248
000584,93452410,6.47,5,2,2,829886
000584,93452690,6.45,5,2,2,830246
000584,93454310,6.99,5,2,2,832640
000584,93454310,6.43,13,2,2,832646
000584,93454410,6.44,53,2,2,832802
000584,93454470,6.44,1,2,2,832909
000584,93456370,6.45,58,2,1,836113
000584,93457870,6.44,4,2,2,838706
000584,93458070,6.47,50,2,2,839117
000584,93458530,6.45,20,2,1,839783
000584,93458990,6.44,50,2,2,840450
000584,93459450,6.48,17,2,2,841121
000584,93500190,6.67,8,2,2,842219
000584,93502080,6.47,26,2,2,845884
000584,93502490,6.47,5,2,2,846617
000584,93503350,6.8,3,2,2,847997
000584,93504200,6.55,13,2,2,849842
000584,93505280,6.6,10,2,2,851446
000584,93505380,6.48,10,2,2,851641
000584,93505460,6.44,10,2,2,851753
000584,93505680,6.4,30,2,1,852157
000584,93505930,6.41,3,2,1,852632
000584,93506660,6.46,116,2,2,854172
000584,93508830,6.43,36,2,1,857480
000584,93510010,6.45,100,2,2,860004
000584,93510140,6.45,15,2,2,860185
000584,93510180,6.54,10,2,2,860259
000584,93510660,6.8,40,2,2,861025
000584,93510890,6.5,5,2,2,861373
000584,93511340,6.44,20,2,2,862089
000584,93512750,6.83,219,2,2,864758
000584,93514270,6.44,6,2,1,867375
000584,93514830,6.45,175,2,1,868381
000584,93515390,6.43,1,2,1,869233
000584,93515390,6.45,4,2,1,869237
000584,93515580,6.43,10,2,1,869619
000584,93517010,6.38,17,2,1,871962
000584,93517650,6.3,20,2,1,872876
000584,93518710,6.45,4,2,1,874796
000584,93519640,6.44,27,2,1,876440
000584,93519660,6.43,70,2,2,876524
000584,93520460,6.45,3,2,1,878063
000584,93521140,6.44,109,2,2,879110
000584,93521930,6.44,10,2,1,880842
000584,93522250,6.47,21,2,2,881591
000584,93523190,6.99,1,2,1,883115
000584,93524430,6.99,4,2,2,885132
000584,93526160,6.45,35,2,1,887763
000584,93526230,6.43,50,2,1,887844
000584,93526270,6.49,10,2,2,887937
000584,93529190,6.48,21,2,1,893029
000584,93530620,6.45,20,2,2,895475
000584,93531980,6.45,10,2,2,898277
000584,93532740,6.44,47,2,2,899682
000584,93533180,6.45,2,2,2,900385
000584,93535930,6.85,13,2,2,905939
000584,93536800,6.44,10,2,2,907746
000584,93539970,6.45,50,2,2,914249
000584,93542860,6.75,50,2,2,919233
000584,93543080,6.47,10,2,2,919589
000584,93543540,6.46,10,2,2,920242
000584,93543930,6.38,157,2,2,920774
000584,93543950,6.44,50,2,2,920811
000584,93544450,6.43,10,2,2,921667
000584,93545020,6.44,116,2,2,922448
000584,93545410,6.42,1,2,2,923151
000584,93545960,6.44,80,2,2,924322
000584,93547780,6.45,30,2,2,927214
000584,93548050,6.99,12,2,2,927631
000584,93548150,6.52,4,2,2,927752
000584,93548700,6.44,10,2,1,928880
000584,93550720,6.44,50,2,2,932583
000584,93551320,6.42,2,2,1,933446
000584,93551320,6.42,1,2,1,933447
000584,93553060,6.43,1,2,2,936650
000584,93553160,6.97,20,2,2,936838
000584,93553170,6.43,1,2,2,936857
000584,93554330,6.43,200,2,2,938717
000584,93554590,6.89,6,2,2,939290
000584,93555910,6.56,2,2,2,941860
000584,93557250,6.42,1,2,2,943770
000584,93557290,6.42,1,2,2,943859
000584,93557840,6.42,2,2,2,945103
000584,93557840,6.42,1,2,2,945107
000584,93557890,6.42,4,2,2,945232
000584,93557910,6.42,4,2,2,945293
000584,93558520,6.42,1,2,2,946286
000584,93559070,6.42,2,2,2,947194
000584,93559190,6.43,1,2,2,947344
000584,93559220,6.43,28,2,2,947372
000584,93559220,6.42,12,2,2,947392
000584,93559330,6.42,13,2,2,947515
000584,93559330,6.42,24,2,2,947538
000584,93559340,6.42,9,2,2,947558
000584,93600340,6.41,1,2,2,948945
000584,93600490,6.36,16,2,1,949206
000584,93601250,6.41,1,2,2,950682
000584,93601530,6.41,1,2,2,951141
000584,93602190,6.99,50,2,2,952047
000584,93603330,6.43,13,2,2,953699
000584,93603800,6.46,33,2,2,954458
000584,93604800,6.59,2,2,2,956139
000584,93605030,6.43,3,2,2,956502
000584,93605560,6.42,1,2,2,957254
000584,93606600,6.42,1,2,1,959067
000584,93607250,6.42,8,2,1,960349
000584,93608080,6.42,20,2,2,962008
000584,93608890,6.98,66,2,2,963192
000584,93609260,6.42,11,2,2,963776
000584,93609410,6.39,45,2,1,964143
000584,93611210,6.99,30,2,2,967307
000584,93611810,6.52,5,2,2,968126
000584,93612030,6.42,6,2,1,968457
000584,93612480,6.42,5,2,1,969309
000584,93612950,6.41,40,2,2,970229
000584,93613210,6.4,5,2,2,970663
000584,93615180,6.41,1,2,1,973580
000584,93615180,6.41,1,2,1,973582
000584,93618610,6.89,8,2,2,979099
000584,93622190,6.4,15,2,1,984995
000584,93623360,6.42,50,2,2,986708
000584,93626560,6.43,2,2,1,991371
000584,93626740,6.3,50,2,1,991600
000584,93627130,6.41,1,2,1,992080
000584,93627530,6.41,1,2,1,992736
000584,93627530,6.41,1,2,1,992738
000584,93628490,6.98,1,2,2,994423
000584,93630820,6.35,20,2,1,997923
000584,93631230,6.41,1,2,1,998568
000584,93631240,6.41,1,2,1,998594
000584,93631340,6.41,1,2,1,998756
000584,93633240,6.4,3,2,1,1001584
000584,93633260,6.4,1,2,1,1001632
000584,93633370,6.38,16,2,1,1001855
000584,93634670,6.4,40,2,1,1003952
000584,93635680,6.66,10,2,2,1005451
000584,93635730,6.9,40,2,2,1005537
000584,93636580,6.4,2,2,1,1006758
000584,93637910,6.41,1,2,1,1008931
000584,93637930,6.41,1,2,1,1008978
000584,93637950,6.41,1,2,1,1009022
000584,93637960,6.41,1,2,1,1009033
000584,93638000,6.41,1,2,1,1009098
000584,93638060,6.46,1,2,1,1009192
000584,93640250,6.41,1,2,1,1012500
000584,93640640,6.43,15,2,2,1013010
000584,93641980,6.55,35,2,2,1014811
000584,93643070,6.94,8,2,2,1016580
000584,93644160,6.4,15,2,1,1018067
000584,93647880,6.45,5,2,2,1023414
000584,93648950,6.42,45,2,2,1025346
000584,93650870,6.41,1,2,1,1028234
000584,93651370,6.38,5,2,1,1029069
000584,93651740,6.41,30,2,2,1029697
000584,93654170,6.41,23,2,1,1033251
000584,93657270,6.4,1,2,1,1037835
000584,93657270,6.4,1,2,1,1037839
000584,93659170,6.99,100,2,1,1040799
000584,93700160,6.41,15,2,1,1042136
000584,93700300,6.42,7,2,2,1042317
000584,93703050,6.99,1,2,2,1046412
000584,93703350,6.41,35,2,1,1046893
000584,93704420,6.42,5,2,2,1048656
000584,93705070,6.45,22,2,2,1049569
000584,93705660,6.9,10,2,2,1050364
000584,93706020,6.47,26,2,2,1050775
000584,93708550,6.99,2,2,2,1054490
000584,93709010,6.5,100,2,2,1055155
000584,93709370,6.42,1,2,1,1055753
000584,93709470,6.45,85,2,2,1055916
000584,93712870,6.57,10,2,2,1061367
000584,93713460,6.45,11,2,2,1062363
000584,93714400,6.98,65,2,2,1063458
000584,93715290,6.41,1,2,1,1064688
000584,93715290,6.41,1,2,1,1064689
000584,93717310,6.46,1,2,1,1067871
000584,93717830,6.42,50,2,2,1068596
000584,93720300,6.39,258,2,2,1072602
000584,93720310,6.39,41,2,1,1072626
000584,93721110,6.39,3,2,1,1073718
000584,93721330,6.39,21,2,1,1074111
000584,93721970,6.41,18,2,1,1075409
000584,93722040,0.0,5,U,2,1075559
000584,93722400,6.41,1,2,2,1076186
000584,93722880,6.38,50,2,1,1076803
000584,93731130,6.37,100,2,1,1089162
000584,93732730,6.41,16,2,2,1091334
000584,93733670,6.36,5,2,1,1092794
000584,93734500,6.39,11,2,1,1094140
000584,93736680,6.42,10,2,1,1097310
000584,93738030,6.49,5,2,2,1099475
000584,93738430,6.43,33,2,2,1100004
000584,93738770,6.57,4,2,2,1100461
000584,93742110,6.42,8,2,1,1105582
000584,93743590,6.39,20,2,1,1108133
000584,93744720,6.42,100,2,2,1109886
000584,93747880,6.41,2,2,2,1115030
000584,93748100,6.41,1,2,1,1115390
000584,93748100,6.41,1,2,1,1115392
000584,93748170,6.4,1,2,1,1115551
000584,93748180,6.4,3,2,1,1115555
000584,93748190,6.4,1,2,1,1115585
000584,93748200,6.39,1,2,1,1115594
000584,93748200,6.41,1,2,1,1115595
000584,93748300,6.4,1,2,1,1115759
000584,93748360,6.39,1,2,1,1115872
000584,93748370,6.4,2,2,1,1115891
000584,93748410,6.4,1,2,1,1115971
000584,93748440,6.4,1,2,1,1116022
000584,93748490,6.4,1,2,1,1116139
000584,93748810,6.41,1,2,1,1116653
000584,93748810,6.41,1,2,1,1116654
000584,93748810,6.4,15,2,1,1116669
000584,93748890,6.41,1,2,1,1116793
000584,93749290,6.42,3,2,2,1117410
000584,93751210,6.41,1,2,1,1120418
000584,93751230,6.4,6,2,1,1120459
000584,93751260,6.41,1,2,1,1120507
000584,93751270,6.4,5,2,1,1120513
000584,93751280,6.4,6,2,1,1120527
000584,93751310,6.4,4,2,1,1120566
000584,93751370,6.41,1,2,1,1120687
000584,93751370,6.41,3,2,1,1120688
000584,93752020,6.41,13,2,2,1121911
000584,93752640,6.41,1,2,1,1122952
000584,93752650,6.41,1,2,1,1122954
000584,93752900,6.41,1,2,1,1123261
000584,93753400,6.41,1,2,1,1124052
000584,93754130,6.41,50,2,2,1125072
000584,93754340,6.41,1,2,1,1125474
000584,93754440,6.41,11,2,1,1125697
000584,93757090,6.41,2,2,1,1129630
000584,93757240,6.41,36,2,1,1129915
000584,93757380,6.41,4,2,1,1130166
000584,93800450,6.41,1,2,1,1134731
000584,93803130,6.42,32,2,1,1139377
000584,93804770,6.41,1,2,1,1142251
000584,93804890,6.41,6,2,2,1142384
000584,93805080,6.44,3,2,1,1142800
000584,93806120,6.42,17,2,2,1144314
000584,93810690,6.67,30,2,2,1151976
000584,93810920,6.4,8,2,1,1152258
000584,93811010,6.99,143,1,1,1152408
000584,93811850,6.45,28,2,2,1153613
000584,93812380,6.41,1,2,1,1154415
000584,93819250,6.39,30,2,1,1165337
000584,93820000,6.66,70,2,2,1166407
000584,93820660,6.57,19,2,2,1167322
000584,93820750,6.38,50,2,1,1167453
000584,93821280,6.41,1,2,1,1168163
000584,93822990,6.6,10,2,2,1170786
000584,93824740,6.45,7,2,2,1173368
000584,93831660,6.48,216,2,2,1183162
000584,93833310,6.42,1,2,2,1185372
000584,93835320,6.41,5,2,1,1188587
000584,93838740,6.51,20,2,2,1193477
000584,93841170,6.41,18,2,2,1197104
000584,93841180,6.41,8,2,1,1197113
000584,93841390,6.41,1,2,1,1197386
000584,93842160,6.42,1,2,1,1198339
000584,93842160,6.42,1,2,1,1198341
000584,93842180,6.41,1,2,1,1198364
000584,93842190,6.42,1,2,1,1198383
000584,93842270,6.41,1,2,1,1198500
000584,93842280,6.4,1,2,1,1198516
000584,93842290,6.41,2,2,1,1198536
000584,93842310,6.14,59,2,1,1198567
000584,93842350,6.41,1,2,1,1198627
000584,93842500,6.41,1,2,1,1198874
000584,93842670,6.42,1,2,1,1199194
000584,93842820,6.42,1,2,1,1199441
000584,93845270,6.42,2,2,1,1202925
000584,93845280,6.42,1,2,1,1202930
000584,93846120,6.62,19,2,2,1204199
000584,93847590,6.68,20,2,2,1206341
000584,93847990,6.42,1,2,1,1206839
000584,93848200,6.99,3,2,2,1207091
000584,93848970,6.42,1,2,1,1208515
000584,93852960,6.45,10,2,1,1214472
000584,93853770,6.42,36,2,2,1215446
000584,93854270,6.45,5,2,2,1216163
000584,93855830,6.56,20,2,2,1218398
000584,93902110,6.43,386,2,1,1227375
000584,93902780,6.68,42,2,2,1228339
000584,93903090,6.42,9,2,1,1228679
000584,93903550,6.43,1,2,1,1229419
000584,93903550,6.43,1,2,1,1229422
000584,93904690,6.42,86,2,1,1230989
000584,93905200,6.41,16,2,1,1231779
000584,93907560,6.43,63,2,2,1235296
000584,93910160,6.44,8,2,1,1238695
000584,93910930,6.42,2,2,1,1239875
000584,93911290,6.43,25,2,2,1240283
000584,93911770,6.39,259,2,2,1240976
000584,93912240,6.42,2,2,1,1241583
000584,93912370,6.42,1,2,2,1241809
000584,93912510,6.42,1,2,2,1242144
000584,93912540,6.42,1,2,2,1242192
000584,93915270,6.42,1,2,2,1245870
000584,93915500,6.42,1,2,2,1246277
000584,93915540,6.42,1,2,2,1246364
000584,93917880,6.51,34,2,2,1249675
000584,93918360,6.42,1,2,2,1250396
000584,93918550,6.42,1,2,2,1250697
000584,93918660,6.43,16,2,2,1250861
000584,93918720,6.42,1,2,2,1250978
000584,93921430,6.42,2,2,2,1255139
000584,93921450,6.43,1,2,1,1255181
000584,93921600,6.42,2,2,2,1255408
000584,93921740,6.42,2,2,2,1255695
000584,93924300,6.42,2,2,2,1259477
000584,93924470,6.42,2,2,2,1259733
000584,93924500,6.42,2,2,2,1259766
000584,93927040,6.43,10,2,2,1263282
000584,93927380,6.42,2,2,2,1263730
000584,93927440,6.42,2,2,2,1263833
000584,93927500,6.28,7,2,1,1264000
000584,93927520,6.42,2,2,2,1264067
000584,93927550,6.42,2,2,2,1264108
000584,93929750,6.47,50,2,2,1268017
000584,93930460,6.42,1,2,2,1269318
000584,93931250,6.44,5,2,2,1270898
000584,93933330,6.45,15,2,1,1273798
000584,93933360,6.42,1,2,2,1273852
000584,93933490,6.42,10,2,1,1274117
000584,93933560,6.42,6,2,2,1274250
000584,93933720,6.42,6,2,2,1274550
000584,93933990,6.42,6,2,2,1275041
000584,93934360,6.72,20,2,2,1275600
000584,93934570,6.42,6,2,2,1275953
000584,93934890,6.42,6,2,2,1276415
000584,93936450,6.42,3,2,2,1278670
000584,93937260,6.43,30,2,1,1280201
000584,93937270,6.43,22,2,2,1280214
000584,93937270,6.43,22,2,2,1280221
000584,93937270,6.43,10,2,2,1280234
000584,93937270,6.43,48,2,2,1280235
000584,93937600,6.35,16,2,1,1280697
000584,93938140,6.72,20,2,2,1281450
000584,93939310,6.41,2,2,1,1283200
000584,93939620,6.42,1,2,2,1283751
000584,93944390,6.42,15,2,2,1291246
000584,93945570,6.43,30,2,1,1292956
000584,93945580,6.43,14,2,2,1292965
000584,93945580,6.43,14,2,2,1292967
000584,93947080,6.99,69,2,2,1295405
000584,93948270,6.41,1,2,1,1297221
000584,93948280,6.41,1,2,1,1297222
000584,93948430,6.74,10,2,2,1297432
000584,93949780,6.42,20,2,1,1299672
000584,93951050,6.48,10,2,2,1301336
000584,93951300,6.43,96,2,2,1301746
000584,93952070,6.59,10,2,2,1303156
000584,93952140,6.69,20,2,2,1303265
000584,93954220,6.42,1,2,2,1306190
000584,93955360,6.42,19,2,2,1307967
000584,93955600,6.42,19,2,1,1308255
000584,93956080,6.43,1,2,2,1308897
000584,93957430,6.42,1,2,2,1310382
000584,93958080,6.6,12,2,2,1311478
000584,94000300,6.42,1,2,2,1314852
000584,94000810,6.55,2,2,1,1315806
000584,94000870,6.98,63,2,2,1315907
000584,94004440,6.42,1,2,2,1321192
000584,94006160,6.39,28,2,1,1323423
000584,94006350,6.99,20,2,2,1323784
000584,94006730,6.44,90,2,2,1324492
000584,94007470,6.39,50,2,1,1325574
000584,94009300,6.42,1,2,2,1328103
000584,94010580,6.73,30,2,2,1330106
000584,94013270,6.43,5,2,1,1334041
000584,94014020,6.43,50,2,2,1335174
000584,94015040,6.42,100,2,2,1336337
000584,94016820,6.5,20,2,2,1339229
000584,94017190,6.44,25,2,2,1339649
000584,94017530,6.01,600,2,1,1340093
000584,94025360,6.41,20,2,2,1351815
000584,94025810,6.74,41,2,2,1352381
000584,94027410,6.43,16,2,1,1354294
000584,94029620,6.43,17,2,2,1357268
000584,94030170,6.44,2,2,2,1357918
000584,94030730,6.4,10,2,1,1358748
000584,94035720,6.45,50,2,2,1365330
000584,94039620,6.43,5,2,2,1370531
000584,94041140,6.44,2,2,1,1372456
000584,94041710,6.5,20,2,2,1373063
000584,94042470,6.41,3,2,1,1374118
000584,94042880,6.42,100,2,1,1374713
000584,94043360,6.42,33,2,2,1375314
000584,94044980,6.42,21,2,2,1377213
000584,94046270,6.4,7,2,1,1379109
000584,94048610,6.41,6,2,2,1382057
000584,94049380,6.41,3,2,1,1383096
000584,94050510,6.45,8,2,2,1384555
000584,94051210,6.4,5,2,1,1385434
000584,94054030,6.45,3,2,2,1389340
000584,94054410,6.43,30,2,2,1389877
000584,94057880,6.42,50,2,2,1394372
000584,94059130,6.4,16,2,2,1395950
000584,94100280,6.42,2,2,1,1397237
000584,94100640,6.42,5,2,2,1397670
000584,94101360,6.43,10,2,2,1398802
000584,94102700,6.89,10,2,2,1400536
000584,94103640,6.4,7,2,1,1401764
000584,94108570,6.42,5,2,1,1408361
000584,94109250,6.4,2,2,1,1409330
000584,94112840,6.42,19,2,2,1414414
000584,94113310,6.6,10,2,2,1415089
000584,94114740,6.45,50,2,2,1416863
000584,94115270,6.4,1,2,1,1417577
000584,94119240,5.82,600,2,1,1423759
000584,94127230,6.65,30,2,2,1434066
000584,94127890,6.4,5,2,1,1435046
000584,94128550,6.42,7,2,1,1436018
000584,94128840,6.99,6,2,2,1436398
000584,94128960,6.42,30,2,2,1436605
000584,94132570,6.38,50,2,1,1441216
000584,94144260,6.45,100,2,2,1456330
000584,94145260,6.4,2,2,1,1457447
000584,94145290,6.4,1,2,1,1457473
000584,94145290,6.4,1,2,1,1457476
000584,94147550,6.4,100,2,1,1460459
000584,94148190,6.41,15,2,1,1461310
000584,94149710,6.42,5,2,2,1463599
000584,94150620,6.43,2,2,1,1464741
000584,94150720,6.6,30,2,2,1464874
000584,94151210,6.41,6,2,1,1465504
000584,94151990,6.41,3,2,1,1466709
000584,94156030,6.46,1,2,1,1471772
000584,94204510,6.42,30,2,1,1482903
000584,94205310,6.42,10,2,1,1483815
000584,94205740,6.42,8,2,1,1484316
000584,94206240,6.42,11,2,1,1484946
000584,94206310,6.41,1,2,1,1485046
000584,94206340,6.41,10,2,1,1485072
000584,94209100,6.66,300,2,2,1488517
000584,94209100,6.42,1,2,1,1488519
000584,94209100,6.42,1,2,1,1488521
000584,94209200,6.41,3,2,1,1488643
000584,94209210,6.42,5,2,1,1488651
000584,94209220,6.42,2,2,1,1488662
000584,94209240,6.41,2,2,1,1488708
000584,94209370,6.42,43,2,1,1488890
000584,94209480,6.42,1,2,1,1489055
000584,94209560,6.42,1,2,1,1489144
000584,94211910,6.68,20,2,2,1492216
000584,94212460,6.41,10,2,1,1492829
000584,94212460,6.41,3,2,1,1492830
000584,94214310,6.42,1,2,1,1495111
000584,94215330,6.42,2,2,1,1496347
000584,94218390,6.42,7,2,1,1500154
000584,94223060,6.99,3,2,2,1506149
000584,94223580,6.43,3,2,1,1506713
000584,94226330,6.42,1,2,1,1510107
000584,94226650,6.37,10,2,1,1510431
000584,94226850,6.47,1,2,1,1510637
000584,94227090,6.43,36,2,2,1510950
000584,94229610,6.43,1,2,1,1514581
000584,94231050,6.45,3,2,2,1516361
000584,94231290,6.43,10,2,1,1516666
000584,94236550,6.43,43,2,1,1523584
000584,94238630,6.42,15,2,2,1526443
000584,94238630,6.42,4,2,1,1526451
000584,94239390,6.43,10,2,1,1527371
000584,94242100,6.42,15,2,1,1530837
000584,94245280,6.42,1,2,1,1535172
000584,94245280,6.42,12,2,1,1535186
000584,94245290,6.42,1,2,1,1535198
000584,94245590,6.45,1,2,1,1535583
000584,94247510,6.36,3,2,1,1538389
000584,94248580,6.43,12,2,1,1539954
000584,94251240,6.5,30,2,2,1543522
000584,94251760,6.42,1,2,2,1544459
000584,94254240,6.43,6,2,1,1547551
000584,94255140,6.43,3,2,1,1548896
000584,94255740,6.44,12,2,2,1549624
000584,94257180,6.42,30,2,2,1551077
000584,94257260,6.43,5,2,1,1551162
000584,94257300,6.43,6,2,1,1551217
000584,94303190,6.44,1,2,1,1558346
000584,94303360,6.5,10,2,2,1558574
000584,94311060,6.4,7,2,2,1568196
000584,94311600,6.43,13,2,2,1568714
000584,94314020,6.6,30,2,2,1571619
000584,94315200,6.41,1,2,1,1572846
000584,94327290,6.42,4,2,1,1588030
000584,94327370,6.43,50,2,2,1588143
000584,94329910,6.25,7,2,1,1591342
000584,94331370,6.43,217,2,1,1593252
000584,94332120,6.43,36,2,2,1594161
000584,94333320,6.42,79,2,1,1595722
000584,94333400,6.43,6,2,1,1595812
000584,94333410,6.43,3,2,1,1595816
000584,94336380,6.45,5,2,2,1599402
000584,94337890,6.44,8,2,1,1601434
000584,94339130,6.43,4,2,1,1602827
000584,94339180,6.43,4,2,1,1602879
000584,94342490,6.44,3,2,1,1607196
000584,94343120,6.43,10,2,2,1608210
000584,94345270,6.43,2,2,1,1610775
000584,94347440,6.43,201,2,2,1613425
000584,94352050,6.61,2,2,2,1619286
000584,94353080,6.48,1,2,1,1620500
000584,94353620,6.41,10,2,1,1621113
000584,94354160,6.42,1,2,1,1621726
000584,94354170,6.42,1,2,1,1621752
000584,94356990,6.42,50,2,2,1625081
000584,94357260,6.44,1,2,1,1625412
000584,94358400,6.99,36,2,2,1627063
000584,94400240,6.4,14,2,1,1629177
000584,94401470,6.42,77,2,2,1630933
000584,94404020,6.4,6,2,1,1634034
000584,94404990,6.48,19,2,2,1635071
000584,94407540,6.43,26,2,2,1638267
000584,94408610,6.43,43,2,1,1639335
000584,94409250,6.41,3,2,1,1640118
000584,94409250,6.41,1,2,1,1640125
000584,94411220,6.47,20,2,2,1642546
000584,94414880,6.42,10,2,2,1647301
000584,94417700,6.44,1,2,2,1650835
000584,94418030,6.41,202,2,2,1651236
000584,94418370,6.42,1,2,1,1651634
000584,94420110,6.42,32,2,1,1654107
000584,94420570,6.41,72,2,1,1654703
000584,94421170,6.41,2,2,1,1655348
000584,94421180,6.41,15,2,1,1655364
000584,94421360,6.41,2,2,1,1656162
000584,94421450,6.41,1,2,1,1656349
000584,94423080,6.41,2,2,1,1658441
000584,94424260,6.41,1,2,1,1659817
000584,94424340,6.41,31,2,1,1659905
000584,94427170,6.41,5,2,1,1663545
000584,94427330,6.41,19,2,1,1664388
000584,94427380,6.41,3,2,1,1664452
000584,94427460,6.41,1,2,1,1664565
000584,94427470,6.41,2,2,1,1664569
000584,94427470,6.41,2,2,1,1664584
000584,94429190,6.41,31,2,1,1666699
000584,94430210,6.41,1,2,1,1667939
000584,94430220,6.41,1,2,1,1667959
000584,94432080,6.43,30,2,2,1670889
000584,94433810,6.42,5,2,2,1672976
000584,94435290,6.41,15,2,1,1674935
000584,94437680,6.42,10,2,2,1678210
000584,94442180,6.42,1,2,1,1684103
000584,94442580,6.41,1,2,1,1684773
000584,94445190,6.41,1,2,1,1688072
000584,94449480,6.43,40,2,2,1694302
000584,94453480,6.4,100,2,1,1699422
000584,94453520,6.4,15,2,1,1699476
000584,94455290,6.43,1,2,1,1702094
000584,94455740,6.3,1,2,1,1702616
000584,94459690,6.42,30,2,2,1707673
000584,94503550,6.42,30,2,2,1712791
000584,94505930,6.42,79,2,1,1716110
000584,94506390,6.42,3,2,1,1716770
000584,94506390,6.42,1,2,1,1716771
000584,94511300,6.43,7,2,1,1723097
000584,94512620,6.88,1,2,2,1724781
000584,94514380,6.42,3,2,1,1727051
000584,94515230,6.42,1,2,1,1728159
000584,94515260,6.42,4,2,2,1728225
000584,94517680,6.42,5,2,2,1731455
000584,94517980,6.42,7,2,1,1731791
000584,94518410,6.42,1,2,2,1732398
000584,94525420,6.43,30,2,2,1741909
000584,94526670,6.58,20,2,2,1743234
000584,94527230,6.42,1,2,2,1743878
000584,94527490,6.42,1,2,2,1744174
000584,94527490,6.42,1,2,2,1744176
000584,94530390,6.42,1,2,2,1747638
000584,94530420,6.42,1,2,2,1747679
000584,94530480,6.42,1,2,2,1747752
000584,94531710,6.4,74,2,1,1749256
000584,94532400,6.41,200,2,1,1749971
000584,94539280,6.42,1,2,2,1758024
000584,94539390,6.42,1,2,2,1758182
000584,94539560,6.42,1,2,2,1758448
000584,94545360,6.44,1,2,1,1765217
000584,94547280,6.42,10,2,2,1767582
000584,94550850,6.45,400,2,2,1771748
000584,94554890,6.42,9,2,2,1777130
000584,94557370,6.43,186,2,2,1780124
000584,94559100,6.55,4,2,2,1782356
000584,94601310,6.96,1,2,1,1784876
000584,94602360,6.42,8,2,2,1785975
000584,94603330,6.41,61,2,2,1787084
000584,94605030,6.41,21,2,2,1789264
000584,94606210,6.41,100,2,2,1790473
000584,94609210,6.41,1,2,2,1794101
000584,94621620,6.44,100,2,2,1808555
000584,94625190,6.41,19,2,2,1813065
000584,94625220,6.42,10,2,2,1813110
000584,94626770,6.42,85,2,2,1814671
000584,94628320,6.49,2,2,2,1816588
000584,94630370,6.42,10,2,1,1818616
000584,94631160,6.41,100,2,2,1819638
000584,94636420,6.42,1,2,1,1825476
000584,94637270,6.41,10,2,2,1826562
000584,94639460,6.41,2,2,1,1829130
000584,94639580,6.46,1,2,1,1829251
000584,94640520,6.74,10,2,2,1830374
000584,94641270,6.41,8,2,1,1831215
000584,94641850,6.4,63,2,2,1831875
000584,94643190,6.41,1,2,1,1833611
000584,94647390,6.44,27,2,2,1838468
000584,94647610,6.42,10,2,2,1838729
000584,94647630,6.41,10,2,1,1838746
000584,94650550,6.42,273,2,2,1842145
000584,94651110,6.39,3,2,1,1842755
000584,94652850,6.41,7,2,2,1845000
000584,94654250,6.37,150,2,1,1846447
000584,94655870,6.35,19,2,1,1848245
000584,94657370,6.43,8,2,2,1849831
000584,94706930,6.4,10,2,2,1860605
000584,94709650,6.42,5,2,2,1863583
000584,94712170,6.4,50,2,2,1866203
000584,94713320,6.46,5,2,1,1867525
000584,94716270,6.41,100,2,2,1870760
000584,94718180,6.39,4,2,1,1872544
000584,94721800,5.72,48,2,2,1876383
000584,94721980,6.4,29,2,2,1876595
000584,94726470,6.4,13,2,2,1881416
000584,94729980,6.41,58,2,2,1885131
000584,94730170,6.4,1,2,2,1885286
000584,94730250,6.4,38,2,2,1885347
000584,94730730,6.4,1,2,2,1885953
000584,94732640,6.4,5,2,2,1887918
000584,94733020,6.4,200,2,2,1888319
000584,94733410,6.41,3,2,2,1888768
000584,94733490,6.4,2,2,2,1888849
000584,94733520,6.4,1,2,2,1888896
000584,94733530,6.4,1,2,2,1888919
000584,94735200,6.4,1,2,2,1890742
000584,94736240,6.39,10,2,1,1891789
000584,94736450,6.41,1,2,1,1892074
000584,94736860,6.38,4,2,1,1892558
000584,94743110,6.39,1,2,1,1899247
000584,94746200,6.39,12,2,2,1902428
000584,94746230,6.4,20,2,1,1902475
000584,94751470,6.4,1,2,1,1908160
000584,94754130,6.39,5,2,2,1911139
000584,94754650,6.4,13,2,1,1911867
000584,94757310,6.4,1,2,2,1914811
000584,94758560,6.98,5,2,2,1916339
000584,94758630,6.38,16,2,2,1916438
000584,94759160,6.66,10,2,2,1916944
000584,94804440,6.4,8,2,1,1922960
000584,94805650,6.4,5,2,2,1924317
000584,94806220,6.39,10,2,1,1924975
000584,94806700,6.37,3,2,1,1925553
000584,94807600,6.39,85,2,2,1926578
000584,94807770,6.99,3,2,2,1926753
000584,94807890,6.39,30,2,2,1926901
000584,94809160,6.39,3,2,1,1928144
000584,94809260,6.39,3,2,1,1928252
000584,94809380,6.39,15,2,1,1928413
000584,94810950,6.38,74,2,1,1930149
000584,94810950,6.39,12,2,1,1930152
000584,94811380,6.39,12,2,1,1930586
000584,94811400,6.39,12,2,1,1930644
000584,94811560,6.8,32,2,2,1930807
000584,94811890,6.39,12,2,1,1931130
000584,94811900,6.39,8,2,1,1931164
000584,94812170,6.39,2,2,1,1931459
000584,94812210,6.39,1,2,1,1931503
000584,94812240,6.39,1,2,1,1931537
000584,94812260,6.39,2,2,1,1931567
000584,94812290,6.39,1,2,1,1931596
000584,94812300,6.39,2,2,1,1931602
000584,94812340,6.39,5,2,1,1931657
000584,94812390,6.39,2,2,1,1931742
000584,94812420,6.39,2,2,1,1931772
000584,94812430,6.39,2,2,1,1931773
000584,94812440,6.39,2,2,1,1931796
000584,94812490,6.39,1,2,1,1931875
000584,94812520,6.39,9,2,1,1931904
000584,94812640,6.39,2,2,1,1932023
000584,94812680,6.39,7,2,1,1932074
000584,94815020,6.39,1,2,1,1934714
000584,94815270,6.37,4,2,1,1934963
000584,94815390,6.39,5,2,1,1935099
000584,94815390,6.39,2,2,1,1935100
000584,94818310,6.46,3,2,1,1938450
000584,94821000,6.38,300,2,1,1941346
000584,94821140,6.44,1,2,1,1941509
000584,94821320,6.39,12,2,2,1941760
000584,94821690,6.38,20,2,1,1942232
000584,94823530,6.41,1,2,1,1944573
000584,94824440,6.39,15,2,1,1945742
000584,94825070,6.42,30,2,2,1946562
000584,94830690,6.36,30,2,1,1952698
000584,94831730,6.4,81,2,1,1953767
000584,94833320,6.39,1,2,1,1955165
000584,94836190,6.39,10,2,1,1958421
000584,94836240,6.4,6,2,1,1958464
000584,94839170,6.39,47,2,1,1961868
000584,94839180,6.38,4,2,1,1961880
000584,94842410,6.41,5,2,1,1965412
000584,94844430,6.99,9,2,2,1967439
000584,94851960,6.67,3,2,2,1975632
000584,94852480,6.99,23,2,2,1976156
000584,94853400,6.44,30,2,2,1977170
000584,94857080,6.39,20,2,1,1981520
000584,94857370,6.42,2,2,2,1981920
000584,94902460,6.4,10,2,1,1987568
000584,94904460,6.4,5,2,2,1990123
000584,94905930,6.4,30,2,1,1991888
000584,94906950,6.52,30,2,2,1993319
000584,94907180,6.55,25,2,2,1993550
000584,94909910,6.4,380,2,2,1996582
000584,94910140,6.42,3,2,2,1996929
000584,94912160,6.4,5,2,1,1999214
000584,94916390,6.4,5,2,2,2004709
000584,94920840,6.39,18,2,1,2009697
000584,94921580,6.41,1,2,1,2010670
000584,94923130,6.39,27,2,2,2013016
000584,94923230,6.4,20,2,1,2013176
000584,94924260,6.42,30,2,2,2014566
000584,94927060,6.39,2,2,2,2018792
000584,94927360,6.39,50,2,2,2019243
000584,94939690,6.41,8,2,2,2035222
000584,94940430,6.4,8,2,1,2036202
000584,94941040,6.38,90,2,1,2036855
000584,94943320,6.39,19,2,1,2039632
000584,94947060,6.4,3,2,1,2044024
000584,94948160,6.4,3,2,1,2045258
000584,94948170,6.4,6,2,1,2045291
000584,94948520,6.4,14,2,1,2045823
000584,94948600,6.4,298,2,1,2045921
000584,94950180,6.39,14,2,2,2048127
000584,94951200,6.4,10,2,1,2049169
000584,94951280,6.39,4,2,1,2049312
000584,94951280,6.4,10,2,1,2049319
000584,94951300,6.39,1,2,1,2049337
000584,94951360,6.4,10,2,1,2049435
000584,94951770,6.99,133,2,2,2050011
000584,95003570,6.41,7,2,1,2064325
000584,95007380,6.41,1,2,1,2070004
000584,95009230,6.4,1,2,1,2072152
000584,95009310,6.4,3,2,1,2072259
000584,95015210,6.4,34,2,1,2080133
000584,95020640,6.4,31,2,1,2087346
000584,95020700,6.42,1,2,1,2087413
000584,95021270,6.41,5,2,1,2088117
000584,95025190,6.4,1,2,1,2093335
000584,95025230,6.41,3,2,2,2093451
000584,95030740,6.41,4,2,1,2100261
000584,95030780,6.41,2,2,1,2100324
000584,95033450,6.41,4,2,1,2103918
000584,95033670,6.41,6,2,1,2104366
000584,95035260,6.42,25,2,2,2106637
000584,95036280,6.4,1,2,1,2107848
000584,95036280,6.4,1,2,1,2107850
000584,95040490,6.41,10,2,1,2114058
000584,95047630,6.4,20,2,1,2125369
000584,95048270,6.4,1,2,1,2126259
000584,95048330,6.41,101,2,1,2126489
000584,95049010,6.4,17,2,2,2127807
000584,95051250,6.41,1,2,1,2131051
000584,95051450,6.4,2,2,1,2131391
000584,95051450,6.4,3,2,1,2131402
000584,95052690,6.41,5,2,1,2133398
000584,95054210,6.41,34,2,1,2135343
000584,95054600,6.41,3,2,1,2136109
000584,95055040,6.41,15,2,2,2136961
000584,95103660,6.85,20,2,2,2148288
000584,95106080,6.42,10,2,2,2151727
000584,95106250,6.41,1,2,1,2151936
000584,95106250,6.41,1,2,1,2151942
000584,95108080,6.42,20,2,1,2154784
000584,95109170,6.42,1,2,1,2156092
000584,95109580,6.42,1,2,1,2156746
000584,95110800,6.41,60,2,2,2158457
000584,95110800,6.45,30,2,2,2158470
000584,95111320,6.42,8,2,1,2159146
000584,95112250,6.38,4,2,1,2160278
000584,95113010,6.41,1,2,1,2161538
000584,95114660,6.42,10,2,2,2163647
000584,95115730,6.42,1,2,1,2164969
000584,95117810,6.51,15,2,2,2167646
000584,95118820,6.42,15,2,1,2168995
000584,95120820,6.42,40,2,2,2171474
000584,95121390,6.41,5,2,1,2172200
000584,95124250,6.4,2,2,1,2175797
000584,95125510,6.42,5,2,2,2177522
000584,95129420,6.41,15,2,1,2182239
000584,95130240,6.41,1,2,1,2183200
000584,95136660,6.41,1,2,1,2191333
000584,95144180,6.41,21,2,2,2200651
000584,95145470,6.38,4,2,1,2202096
000584,95149710,6.34,20,2,1,2207136
000584,95153580,6.41,4,2,1,2211584
000584,95153780,6.4,10,2,1,2211855
000584,95154260,6.4,1,2,1,2212417
000584,95154260,6.4,1,2,1,2212425
000584,95201000,6.41,57,2,2,2220296
000584,95203130,6.41,10,2,1,2222657
000584,95203350,6.41,30,2,1,2222912
000584,95203730,6.41,47,2,1,2223336
000584,95205790,6.42,1,2,1,2225717
000584,95206350,6.41,1,2,1,2226389
000584,95209180,6.41,2,2,1,2229377
000584,95210060,6.4,3,2,1,2230556
000584,95212600,6.41,30,2,2,2233544
000584,95215280,6.41,1,2,1,2236600
000584,95218250,6.39,4,2,1,2240125
000584,95230650,6.44,2,2,1,2254478
000584,95233680,6.41,3,2,1,2258098
000584,95235810,6.42,8,2,1,2260625
000584,95237170,6.43,360,2,1,2262417
000584,95237790,6.41,100,2,1,2263156
000584,95239130,6.41,2,2,1,2264539
000584,95239170,6.41,2,2,1,2264590
000584,95239210,6.41,4,2,1,2264646
000584,95239220,6.41,2,2,1,2264657
000584,95239320,6.41,1,2,1,2264802
000584,95241850,6.42,328,2,2,2268157
000584,95242390,6.41,10,2,2,2268843
000584,95245230,6.41,1,2,1,2272074
000584,95245540,6.42,12,2,1,2272461
000584,95245710,6.35,40,2,1,2272736
000584,95254030,6.44,9,2,1,2282123
000584,95259430,6.41,3,2,1,2288588
000584,95300840,6.43,1,2,1,2290296
000584,95307690,6.42,11,2,1,2298321
000584,95308590,6.42,89,2,1,2299258
000584,95308590,6.42,47,2,1,2299261
000584,95309620,6.42,1,2,1,2300537
000584,95309730,6.42,159,2,1,2300793
000584,95312250,6.41,10,2,2,2303506
000584,95312320,6.42,2,2,1,2303592
000584,95312330,6.43,1,2,1,2303594
000584,95314130,6.41,20,2,1,2305685
000584,95314830,6.43,28,2,2,2306417
000584,95314900,6.39,150,2,1,2306488
000584,95315670,6.42,2,2,1,2307458
000584,95317390,6.41,50,2,1,2309468
000584,95319750,6.42,57,2,2,2312152
000584,95321180,6.42,1,2,1,2313636
000584,95321240,6.39,4,2,1,2313684
000584,95321390,6.42,10,2,1,2313847
000584,95321420,6.42,10,2,1,2313898
000584,95321540,6.42,2,2,1,2314070
000584,95321610,6.41,2,2,1,2314201
000584,95324280,6.42,3,2,1,2317279
000584,95326830,6.42,10,2,1,2320227
000584,95328660,6.45,1,2,2,2322288
000584,95329410,6.42,34,2,2,2323139
000584,95344160,6.42,39,2,1,2339248
000584,95348050,6.43,26,2,2,2343279
000584,95352630,6.4,40,2,1,2348239
000584,95353910,6.43,1,2,1,2349545
000584,95357400,6.4,10,2,1,2353251
000584,95400680,6.44,34,2,2,2356769
000584,95405160,6.99,10,2,2,2361535
000584,95405770,6.5,5,2,2,2362214
000584,95408390,6.42,10,2,1,2364917
000584,95408850,6.42,8,2,1,2365413
000584,95409240,6.43,1,2,1,2365810
000584,95409250,6.42,2,2,1,2365826
000584,95413110,6.43,3,2,2,2370202
000584,95415240,6.42,3,2,1,2372292
000584,95424220,6.43,9,2,1,2381434
000584,95427080,6.42,25,2,2,2384334
000584,95429880,6.42,3,2,1,2387201
000584,95430380,6.39,4,2,1,2387834
000584,95431230,6.42,97,2,1,2388799
000584,95433330,6.42,1,2,1,2390856
000584,95445030,6.42,3,2,1,2403117
000584,95447040,6.43,34,2,2,2405179
000584,95447060,6.43,30,2,2,2405198
000584,95455240,6.42,1,2,1,2413795
000584,95456830,6.42,1,2,2,2415279
000584,95458030,6.44,1,2,1,2416611
000584,95458380,6.41,3,2,1,2417015
000584,95502390,6.42,85,2,2,2421296
000584,95507550,6.42,20,2,1,2426799
000584,95513620,6.43,38,2,1,2433162
000584,95516140,6.42,3,2,1,2435963
000584,95524000,6.41,20,2,1,2444560
000584,95528330,6.45,68,2,2,2449935
000584,95529210,6.43,40,2,1,2450912
000584,95529410,6.43,2,2,2,2451090
000584,95530330,6.42,2,2,1,2452119
000584,95530990,6.42,40,2,1,2453107
000584,95532550,6.41,4,2,1,2455081
000584,95533160,6.43,3,2,1,2455819
000584,95536160,6.43,3,2,1,2459674
000584,95536200,6.42,10,2,1,2459719
000584,95536200,6.42,10,2,1,2459726
000584,95536200,6.42,6,2,1,2459734
000584,95536210,6.42,6,2,1,2459737
000584,95536210,6.42,21,2,1,2459738
000584,95536210,6.42,4,2,1,2459739
000584,95536250,6.42,1,2,1,2459816
000584,95536890,6.43,10,2,1,2461088
000584,95539210,6.44,7,2,2,2463867
000584,95539920,6.43,8,2,1,2464952
000584,95540150,6.43,20,2,2,2465253
000584,95543730,6.43,9,2,1,2469501
000584,95545470,6.43,7,2,1,2471432
000584,95545610,6.43,2,2,1,2471633
000584,95553410,6.43,10,2,1,2480249
000584,95553470,6.42,1,2,1,2480311
000584,95554710,6.43,30,2,1,2481828
000584,95600080,6.44,1,2,1,2488850
000584,95600960,6.42,11,2,2,2490006
000584,95606550,6.42,2,2,1,2496631
000584,95607130,6.43,100,2,1,2497356
000584,95609090,6.43,1,2,1,2499029
000584,95609110,6.43,1,2,1,2499049
000584,95609160,6.43,2,2,1,2499108
000584,95609180,6.43,1,2,1,2499132
000584,95609370,6.43,3,2,1,2499390
000584,95609480,6.43,1,2,1,2499531
000584,95609660,6.43,2,2,1,2499795
000584,95609660,6.43,2,2,1,2499797
000584,95612370,6.43,4,2,1,2502653
000584,95612370,6.43,2,2,1,2502681
000584,95619900,6.45,80,2,2,2510280
000584,95621530,6.44,1,2,1,2512121
000584,95622050,6.42,10,2,2,2512704
000584,95623390,6.59,19,2,2,2514142
000584,95625360,6.43,10,2,1,2516200
000584,95630170,6.43,50,2,1,2521118
000584,95631470,6.68,6,2,2,2522522
000584,95631960,6.97,10,2,2,2522990
000584,95632240,6.44,6,2,1,2523257
000584,95632380,6.48,4,2,1,2523354
000584,95632750,6.43,4,2,2,2523751
000584,95634350,6.48,500,2,2,2525580
000584,95634620,6.69,2,2,2,2525859
000584,95637970,6.43,20,2,2,2529377
000584,95641000,6.43,9,2,1,2532563
000584,95642340,6.78,10,2,2,2533796
000584,95643350,6.47,30,2,2,2534856
000584,95646590,6.45,9,2,2,2538398
000584,95654020,6.38,5,2,1,2546291
000584,95701170,6.45,1,2,1,2554255
000584,95706750,6.43,10,2,2,2560360
000584,95707030,6.47,13,2,2,2560770
000584,95707270,6.44,8,2,1,2560994
000584,95709260,6.43,6,2,1,2562894
000584,95713630,6.39,10,2,1,2567548
000584,95723830,6.41,20,2,1,2578097
000584,95727490,6.47,199,2,2,2581879
000584,95729080,6.43,20,2,1,2583452
000584,95735170,6.43,1,2,1,2589796
000584,95741150,6.43,30,2,2,2596142
000584,95744450,6.43,2,2,1,2599372
000584,95745280,6.43,4,2,1,2600112
000584,95745460,6.55,2,2,2,2600304
000584,95747690,6.77,6,2,2,2602518
000584,95750290,6.43,20,2,2,2605420
000584,95751660,6.42,36,2,1,2606818
000584,95754210,6.45,1,2,1,2609208
000584,95758270,6.44,33,2,1,2613263
000584,95803730,6.44,25,2,1,2618711
000584,95806010,6.42,4,2,1,2621016
000584,95808020,6.44,316,2,1,2623097
000584,95809300,6.44,6,2,1,2624398
000584,95809310,6.44,2,2,1,2624408
000584,95815210,6.44,4,2,1,2630412
000584,95822150,6.45,20,2,2,2637527
000584,95824450,6.45,4,2,1,2639912
000584,95824920,6.44,100,2,1,2640497
000584,95825040,6.42,50,2,1,2640629
000584,95826430,6.4,200,2,1,2641987
000584,95826890,6.44,41,2,2,2642447
000584,95827560,6.44,21,2,1,2643107
000584,95829120,6.44,1,2,1,2644661
000584,95831400,6.46,20,2,2,2647173
000584,95831630,6.44,10,2,2,2647369
000584,95834320,6.45,500,2,1,2650375
000584,95836240,6.45,2,2,1,2652078
000584,95836280,6.45,2,2,1,2652109
000584,95836320,6.45,4,2,1,2652138
000584,95836360,6.45,1,2,1,2652225
000584,95838380,6.46,8,2,1,2654191
000584,95841820,6.52,49,2,1,2657678
000584,95842770,5.75,100,2,1,2658521
000584,95844550,6.46,5,2,2,2660061
000584,95847430,6.46,13,2,1,2662928
000584,95848260,5.75,100,2,1,2663661
000584,95849260,6.47,1,2,1,2664773
000584,95850950,6.43,4,2,1,2666196
000584,95850990,6.45,2,2,1,2666231
000584,95852850,6.45,26,2,1,2668025
000584,95854410,6.46,2,2,1,2669546
000584,95854420,6.46,3,2,1,2669550
000584,95854420,6.46,2,2,1,2669552
000584,95854420,6.46,1,2,1,2669556
000584,95854440,6.46,1,2,1,2669589
000584,95855410,6.46,10,2,2,2670553
000584,95856120,6.46,3,2,1,2671170
000584,95856210,6.46,38,2,1,2671277
000584,95857770,6.99,60,2,2,2672813
000584,95900570,6.46,125,2,1,2675320
000584,95900700,6.46,5,2,2,2675469
000584,95902330,6.46,20,2,2,2677050
000584,95902510,6.45,2,2,1,2677186
000584,95903150,6.46,9,2,1,2677752
000584,95903270,6.46,1,2,1,2677878
000584,95906120,6.46,57,2,2,2680592
000584,95906950,6.47,1,2,1,2681553
000584,95909350,6.46,1,2,2,2683670
000584,95909580,6.45,1,2,1,2683924
000584,95910150,6.46,7,2,2,2684589
000584,95912340,6.46,1,2,2,2686684
000584,95915360,6.46,1,2,2,2689851
000584,95916560,6.46,10,2,2,2691056
000584,95916680,6.47,10,2,2,2691149
000584,95918140,6.47,21,2,1,2692578
000584,95918230,6.43,4,2,1,2692659
000584,95918940,6.46,25,2,2,2693485
000584,95921560,6.84,59,2,2,2695752
000584,95922030,6.44,1,2,1,2696335
000584,95922100,6.4,10,2,1,2696386
000584,95923270,6.46,15,2,1,2697417
000584,95924870,6.46,29,2,2,2698881
000584,95925570,6.45,1,2,1,2699468
000584,95925760,6.43,20,2,1,2699639
000584,95925860,6.46,8,2,2,2699758
000584,95926320,6.45,2,2,1,2700223
000584,95926370,6.45,21,2,1,2700282
000584,95926930,6.83,3,2,2,2700867
000584,95930820,6.98,170,2,2,2704892
000584,95932290,6.46,10,2,2,2706309
000584,95932410,6.46,50,2,2,2706406
000584,95932540,6.46,1,2,2,2706525
000584,95933750,6.84,450,2,2,2707610
000584,95934730,6.46,13,2,1,2708479
000584,95935630,6.45,2,2,1,2709274
000584,95936930,6.43,100,2,1,2710863
000584,95938830,6.46,28,2,2,2712580
000584,95941620,6.46,40,2,1,2715521
000584,95944300,6.46,2,2,1,2718350
000584,95948040,6.45,1,2,2,2721719
000584,95948290,6.47,1,2,1,2721972
000584,95948380,6.48,65,2,2,2722052
000584,95948980,6.42,3,2,1,2722848
000584,95949550,6.46,11,2,1,2723371
000584,95952190,6.45,3,2,2,2725954
000584,95955780,6.46,100,2,2,2729456
000584,95955790,6.45,32,2,2,2729462
000584,95955840,6.46,50,2,2,2729511
000584,95957190,6.44,2,2,1,2730804
000584,95957200,6.45,1,2,2,2730827
000584,95958560,6.46,21,2,2,2732367
000584,95959090,6.75,100,2,2,2732872
000584,100000250,6.45,1,2,1,2734031
000584,100000330,6.45,1,2,2,2734121
000584,100000740,6.46,107,2,2,2734709
000584,100001100,6.99,3,2,2,2735215
000584,100002530,6.45,1,2,2,2736634
000584,100004040,6.45,1,2,2,2738383
000584,100004050,6.45,1,2,2,2738392
000584,100004150,6.45,1,2,2,2738540
000584,100004160,6.45,1,2,2,2738551
000584,100004190,6.45,1,2,2,2738585
000584,100004220,6.46,8,2,1,2738613
000584,100006300,6.45,1,2,2,2740725
000584,100006300,6.45,1,2,2,2740728
000584,100006320,6.45,1,2,2,2740747
000584,100006480,6.45,1,2,2,2740887
000584,100006480,6.45,1,2,2,2740889
000584,100009390,6.45,1,2,2,2743971
000584,100009430,6.45,1,2,2,2744009
000584,100009470,6.45,1,2,2,2744046
000584,100009510,6.45,1,2,2,2744081
000584,100009540,6.45,1,2,2,2744115
000584,100012450,6.46,80,2,2,2747023
000584,100021460,6.44,30,2,2,2755795
000584,100022920,6.45,4,2,1,2757496
000584,100024130,6.43,1,2,1,2758600
000584,100025240,6.43,7,2,1,2759912
000584,100027650,6.45,19,2,2,2762044
000584,100027720,6.49,10,2,2,2762141
000584,100028000,6.97,15,2,2,2762504
000584,100028240,6.47,50,2,2,2762730
000584,100029220,6.46,18,2,2,2763522
000584,100034480,6.42,5,2,1,2768689
000584,100036080,6.46,10,2,2,2770105
000584,100040590,6.99,31,2,2,2774390
000584,100041220,6.53,30,2,2,2774901
000584,100041290,6.44,120,2,1,2774944
000584,100042230,6.44,3,2,1,2775726
000584,100042230,6.44,2,2,1,2775728
000584,100042650,6.43,207,2,1,2776172
000584,100045370,6.58,25,2,2,2778436
000584,100048700,6.45,200,2,1,2781735
000584,100051620,6.9,18,2,2,2784376
000584,100052210,6.42,1,2,1,2785030
000584,100053450,6.42,50,2,1,2786058
000584,100055480,6.45,35,2,2,2788020
000584,100055920,6.47,25,2,2,2788371
000584,100102360,6.47,1,2,1,2794127
000584,100106640,6.45,5,2,2,2798081
000584,100107940,6.44,10,2,1,2799285
000584,100109270,6.45,1,2,2,2800628
000584,100109370,6.44,2,2,1,2800767
000584,100109430,6.45,1,2,2,2800814
000584,100109660,6.45,1,2,2,2801080
000584,100109660,6.45,1,2,2,2801082
000584,100110760,6.45,12,2,2,2802316
000584,100111060,6.45,5,2,2,2802532
000584,100112250,6.45,2,2,2,2803366
000584,100112360,6.45,3,2,2,2803501
000584,100112390,6.45,3,2,2,2803529
000584,100112460,6.45,2,2,2,2803619
000584,100114620,6.46,2,2,2,2805681
000584,100114970,6.46,10,2,1,2805940
000584,100115330,6.45,1,2,2,2806219
000584,100115330,6.45,1,2,2,2806221
000584,100115330,6.45,1,2,2,2806226
000584,100116110,6.44,10,2,1,2807022
000584,100117420,6.88,10,2,2,2808244
000584,100117840,6.43,4,2,1,2808574
000584,100118350,6.45,1,2,2,2809134
000584,100118440,6.45,1,2,2,2809261
000584,100118480,6.45,1,2,2,2809289
000584,100118690,6.98,5,2,2,2809622
000584,100121170,6.45,1,2,2,2812106
000584,100121300,6.45,1,2,2,2812235
000584,100121360,6.45,1,2,2,2812319
000584,100124290,6.45,1,2,2,2815393
000584,100124380,6.45,2,2,2,2815502
000584,100124490,6.45,2,2,2,2815640
000584,100124490,6.45,2,2,2,2815642
000584,100126470,6.45,63,2,2,2817473
000584,100126520,6.45,9,2,1,2817539
000584,100127250,6.45,1,2,2,2818135
000584,100127260,6.45,2,2,2,2818143
000584,100127360,6.45,2,2,2,2818235
000584,100127390,6.45,2,2,2,2818261
000584,100127910,6.45,19,2,2,2818921
000584,100128240,6.46,14,2,1,2819240
000584,100129440,6.45,25,2,2,2820197
000584,100130480,6.45,60,2,2,2821031
000584,100132230,6.45,5,2,2,2822631
000584,100133190,6.44,1,2,1,2823585
000584,100133910,6.37,81,2,1,2824383
000584,100135670,6.46,12,2,2,2826033
000584,100136270,6.45,8,2,1,2826498
000584,100140900,6.41,200,2,1,2830617
000584,100141700,6.45,22,2,2,2831224
000584,100144440,6.46,1,2,1,2833679
000584,100147480,6.45,121,2,1,2836443
000584,100148250,6.45,2,2,1,2837184
000584,100149990,6.99,10,2,2,2838806
000584,100155410,6.45,9,2,1,2843878
000584,100203990,6.45,1,2,2,2851685
000584,100211220,6.4,22,2,1,2857667
000584,100212690,6.45,121,2,1,2859118
000584,100215950,6.99,6,2,2,2862089
000584,100217710,6.72,20,2,2,2863441
000584,100223820,6.46,19,2,1,2868613
000584,100224050,6.47,20,2,2,2868761
000584,100224300,6.42,55,2,1,2868987
000584,100225160,6.45,108,2,1,2869758
000584,100231590,6.45,21,2,1,2875711
000584,100234160,6.86,10,2,2,2878307
000584,100236300,6.44,1,2,1,2880512
000584,100239310,6.45,12,2,1,2883878
000584,100239630,6.46,10,2,1,2884362
000584,100242170,6.46,3,2,1,2887280
000584,100242180,6.46,15,2,1,2887299
000584,100242250,6.46,22,2,1,2887476
000584,100242390,6.46,15,2,1,2887791
000584,100243970,6.46,14,2,1,2889786
000584,100245160,6.46,2,2,1,2890900
000584,100245180,6.46,6,2,1,2890932
000584,100245190,6.46,3,2,1,2890947
000584,100245200,6.46,1,2,1,2890963
000584,100245200,6.45,7,2,1,2890968
000584,100245200,6.45,10,2,1,2890969
000584,100245210,6.45,1,2,1,2890975
000584,100245210,6.45,12,2,1,2890976
000584,100245210,6.45,12,2,1,2890977
000584,100245210,6.45,7,2,1,2890979
000584,100245210,6.45,24,2,1,2890980
000584,100245210,6.46,18,2,1,2890998
000584,100245270,6.46,42,2,1,2891115
000584,100245330,6.46,1,2,1,2891211
000584,100245840,6.46,6,2,1,2892433
000584,100247800,6.6,1,2,2,2894366
000584,100248240,6.45,1,2,1,2894850
000584,100248270,6.46,10,2,1,2894891
000584,100248360,6.47,10,2,2,2895027
000584,100248420,6.46,5,2,1,2895130
000584,100248440,6.46,1,2,1,2895142
000584,100248460,6.46,10,2,1,2895196
000584,100248470,6.46,7,2,1,2895214
000584,100248650,6.76,30,2,2,2895495
000584,100251150,6.46,2,2,1,2897832
000584,100251380,6.46,10,2,1,2898163
000584,100252790,6.46,200,2,1,2899836
000584,100254070,6.48,8,2,2,2901076
000584,100254210,6.46,13,2,1,2901228
000584,100254210,6.46,6,2,1,2901231
000584,100254220,6.46,8,2,1,2901263
000584,100254290,6.46,4,2,1,2901342
000584,100254400,6.46,3,2,1,2901489
000584,100254470,6.46,1,2,1,2901614
000584,100254480,6.46,1,2,1,2901636
000584,100254540,6.46,1,2,1,2901749
000584,100255410,6.46,200,2,1,2902754
000584,100255490,6.46,2,2,1,2902818
000584,100255620,6.46,2,2,1,2902934
000584,100255780,6.46,2,2,1,2903089
000584,100257130,6.46,10,2,1,2904276
000584,100257130,6.46,7,2,1,2904279
000584,100257130,6.46,12,2,1,2904280
000584,100257140,6.46,7,2,1,2904285
000584,100257140,6.46,24,2,1,2904286
000584,100257140,6.46,12,2,1,2904287
000584,100257270,6.46,2,2,1,2904468
000584,100257270,6.46,3,2,1,2904469
000584,100257340,6.46,13,2,1,2904558
000584,100257400,6.47,1,2,1,2904636
000584,100257910,6.46,150,2,2,2905394
000584,100302840,6.46,7,2,1,2910372
000584,100303230,6.46,1,2,1,2910727
000584,100303410,6.47,8,2,1,2911045
000584,100303450,6.44,4,2,1,2911094
000584,100303480,6.48,1,2,1,2911118
000584,100312450,6.47,10,2,1,2920727
000584,100320040,6.99,35,2,2,2928374
000584,100320070,6.49,1,2,1,2928406
000584,100320930,6.47,21,2,1,2929138
000584,100321250,6.46,1,2,1,2929412
000584,100321810,6.58,20,2,2,2930123
000584,100322820,6.46,100,2,2,2931205
000584,100323150,6.47,328,2,1,2931425
000584,100323240,6.47,30,2,2,2931506
000584,100324200,6.46,1,2,1,2932290
000584,100324200,6.46,1,2,1,2932291
000584,100327910,6.47,20,2,2,2936108
000584,100328680,6.47,10,2,1,2936836
000584,100328910,6.46,10,2,2,2937106
000584,100329650,6.5,20,2,2,2937637
000584,100334300,6.89,50,2,2,2941881
000584,100336270,6.46,196,2,1,2943465
000584,100337920,6.46,8,2,1,2945116
000584,100338340,6.46,10,2,2,2945471
000584,100339130,6.46,1,2,1,2946013
000584,100339790,6.59,30,2,2,2946837
000584,100340120,6.45,24,2,1,2947243
000584,100342240,6.46,1,2,1,2949255
000584,100342390,6.46,21,2,1,2949431
000584,100343240,6.99,6,2,2,2950578
000584,100344230,6.47,50,2,2,2951598
000584,100345310,6.46,10,2,2,2952560
000584,100349680,6.45,1,2,1,2957125
000584,100351580,6.46,20,2,1,2959194
000584,100354160,6.46,1,2,1,2962039
000584,100354210,6.46,1,2,1,2962096
000584,100354540,6.48,1,2,1,2962613
000584,100355740,6.42,14,2,1,2964068
000584,100357120,6.46,20,2,2,2965451
000584,100357960,6.54,1,2,2,2966813
000584,100358470,6.47,190,2,1,2967437
000584,100359080,6.47,154,2,1,2968148
000584,100359350,6.48,1500,2,1,2968423
000584,100359460,6.49,14,2,1,2968489
000584,100359470,6.48,5,2,1,2968493
000584,100359520,6.48,3,2,1,2968540
000584,100359530,6.48,1,2,1,2968558
000584,100400090,6.49,256,2,1,2969030
000584,100400130,6.48,1,2,1,2969081
000584,100400130,6.48,1,2,1,2969082
000584,100400130,6.48,1,2,1,2969096
000584,100400150,6.49,3,2,1,2969105
000584,100400160,6.49,2,2,1,2969123
000584,100400190,6.48,1,2,1,2969154
000584,100400210,6.49,2,2,1,2969180
000584,100400230,6.49,1,2,1,2969197
000584,100400230,6.48,15,2,1,2969198
000584,100400240,6.49,4,2,1,2969213
000584,100400260,6.49,5,2,1,2969245
000584,100400270,6.49,1,2,1,2969277
000584,100400270,6.49,2,2,1,2969278
000584,100400450,6.48,3,2,1,2969542
000584,100400460,6.48,1,2,1,2969549
000584,100400600,6.49,2,2,1,2969757
000584,100400710,6.5,1,2,1,2969936
000584,100400720,6.5,5,2,1,2969946
000584,100400720,6.5,3,2,1,2969950
000584,100400730,6.49,1,2,1,2969973
000584,100400770,6.49,300,2,1,2970041
000584,100401170,6.49,2,2,1,2970639
000584,100401270,6.49,7,2,1,2970755
000584,100401920,6.5,200,2,1,2971468
000584,100402120,6.49,6,2,1,2971700
000584,100402190,6.5,30,2,1,2971754
000584,100402370,6.6,50,2,1,2971879
000584,100402590,6.47,5,2,2,2972081
000584,100403190,6.5,15,2,1,2972731
000584,100403200,6.49,1,2,1,2972755
000584,100403220,6.49,1,2,1,2972773
000584,100403220,6.49,1,2,1,2972781
000584,100403220,6.49,1,2,1,2972782
000584,100403260,6.5,20,2,1,2972817
000584,100403320,6.49,15,2,1,2972918
000584,100403430,6.5,3,2,1,2973080
000584,100403900,6.51,1,2,2,2973705
000584,100404110,6.97,4,2,2,2973916
000584,100404160,6.51,2,2,1,2973963
000584,100404500,6.51,2,2,1,2974451
000584,100404500,6.51,2,2,1,2974454
000584,100405110,6.5,200,2,1,2975157
000584,100405310,6.49,21,2,1,2975455
000584,100406170,6.52,48,2,1,2976189
000584,100406170,6.51,1,2,1,2976197
000584,100406210,6.5,1,2,1,2976292
000584,100406210,6.5,1,2,1,2976296
000584,100406220,6.5,1,2,1,2976298
000584,100406240,6.5,1,2,1,2976338
000584,100406250,6.5,15,2,1,2976354
000584,100406250,6.5,1,2,1,2976358
000584,100406260,6.51,1,2,1,2976360
000584,100406290,6.51,1,2,1,2976414
000584,100406290,6.51,12,2,1,2976422
000584,100406480,6.51,2,2,1,2976722
000584,100406510,6.51,1,2,1,2976757
000584,100406570,6.51,2,2,1,2976821
000584,100409180,6.51,14,2,1,2979262
000584,100409210,6.51,1,2,1,2979297
000584,100409210,6.51,1,2,1,2979298
000584,100409220,6.51,1,2,1,2979301
000584,100409220,6.51,1,2,1,2979302
000584,100409220,6.51,1,2,1,2979303
000584,100409230,6.52,30,2,1,2979321
000584,100409300,6.51,21,2,1,2979397
000584,100409300,6.51,15,2,1,2979405
000584,100409320,6.54,16,2,2,2979418
000584,100409380,6.59,1,2,2,2979490
000584,100410750,6.52,1,2,1,2980859
000584,100411980,6.51,150,2,1,2981870
000584,100412140,6.52,1,2,1,2982063
000584,100412140,6.52,1,2,1,2982064
000584,100412140,6.52,1,2,1,2982065
000584,100412140,6.52,1,2,1,2982069
000584,100412270,6.52,15,2,1,2982275
000584,100412320,6.52,16,2,1,2982314
000584,100412390,6.54,2,2,1,2982368
000584,100412530,6.58,94,2,2,2982509
000584,100415230,6.53,3,2,1,2985177
000584,100415710,6.55,37,2,1,2985703
000584,100415850,6.52,16,2,1,2985878
000584,100416060,6.54,20,2,2,2986145
000584,100416380,6.51,24,2,1,2986457
000584,100418030,6.52,61,2,1,2988003
000584,100418180,6.53,15,2,1,2988138
000584,100418240,6.53,1,2,1,2988208
000584,100418250,6.55,3,2,2,2988220
000584,100418440,6.54,22,2,1,2988435
000584,100418640,6.54,50,2,2,2988733
000584,100420000,6.54,4,2,2,2989983
000584,100420060,6.53,1,2,1,2990054
000584,100420730,6.97,50,2,2,2990582
000584,100420900,6.54,30,2,2,2990770
000584,100420990,6.54,220,2,1,2990836
000584,100421270,6.54,15,2,1,2991111
000584,100421300,6.54,1,2,1,2991153
000584,100421450,6.55,3,2,1,2991291
000584,100421500,6.55,1,2,1,2991374
000584,100421740,6.55,300,2,1,2991781
000584,100422420,6.54,5,2,1,2992473
000584,100423970,6.55,4,2,1,2993829
000584,100424210,6.55,16,2,1,2994064
000584,100425480,6.55,260,2,1,2995474
000584,100426750,6.55,13,2,1,2996437
000584,100427200,6.55,1,2,1,2996799
000584,100427200,6.55,1,2,1,2996800
000584,100427200,6.55,1,2,1,2996802
000584,100427200,6.55,1,2,1,2996805
000584,100427330,6.55,2,2,1,2996987
000584,100427430,6.56,2,2,1,2997111
000584,100427430,6.56,2,2,1,2997113
000584,100427430,6.56,3,2,1,2997115
000584,100427430,6.56,3,2,1,2997117
000584,100427430,6.56,3,2,1,2997121
000584,100427440,6.56,1,2,1,2997128
000584,100427440,6.56,1,2,1,2997130
000584,100427450,6.56,16,2,1,2997147
000584,100427840,6.59,20,2,1,2997601
000584,100427910,6.56,20,2,1,2997721
000584,100428240,6.59,100,2,1,2998104
000584,100428550,6.78,149,2,2,2998357
000584,100429830,6.6,239,2,1,2999433
000584,100430130,6.56,1,2,1,2999665
000584,100430130,6.56,1,2,1,2999666
000584,100430130,6.56,1,2,1,2999667
000584,100430130,6.56,1,2,1,2999668
000584,100430290,6.56,16,2,1,2999861
000584,100430360,6.56,20,2,1,2999927
000584,100430370,6.59,16,2,2,2999943
000584,100430610,6.55,8,2,2,3000248
000584,100430670,6.56,20,2,1,3000308
000584,100430950,6.58,34,2,2,3000654
000584,100430960,6.64,100,2,1,3000663
000584,100432200,6.6,190,2,1,3001689
000584,100432340,6.56,16,2,1,3001809
000584,100432550,6.46,5,2,2,3002003
000584,100432900,6.56,20,2,2,3002264
000584,100433000,6.55,20,2,2,3002387
000584,100433140,6.59,13,2,2,3002506
000584,100433160,6.56,30,2,1,3002529
000584,100433360,6.56,1,2,1,3002775
000584,100433430,6.61,50,2,1,3002826
000584,100434250,6.56,200,2,1,3003747
000584,100434490,6.56,22,2,1,3003989
000584,100436210,6.56,1,2,1,3005567
000584,100438230,6.6,30,2,1,3007661
000584,100438500,6.61,61,2,1,3007870
000584,100438820,6.6,11,2,2,3008109
000584,100439600,6.65,124,2,1,3008887
000584,100440370,6.66,10,2,2,3009733
000584,100440900,6.57,50,2,1,3010167
000584,100441430,6.59,20,2,2,3010676
000584,100441970,6.59,10,2,2,3011137
000584,100442030,6.61,10,2,1,3011192
000584,100442170,6.58,15,2,1,3011303
000584,100442200,6.57,1,2,1,3011320
000584,100442350,6.52,4,2,1,3011479
000584,100442580,6.57,100,2,1,3011717
000584,100442810,6.63,50,2,2,3012000
000584,100443020,6.65,1,2,2,3012252
000584,100443290,6.6,258,2,1,3012479
000584,100443580,6.6,389,2,1,3012766
000584,100443650,6.59,20,2,2,3012809
000584,100444340,6.55,13,2,1,3013428
000584,100444640,6.99,11,2,2,3013689
000584,100445030,6.6,15,2,1,3014036
000584,100445200,6.6,1,2,1,3014154
000584,100445340,6.6,2,2,1,3014301
000584,100445410,6.61,16,2,1,3014365
000584,100445470,6.6,5,2,1,3014424
000584,100445950,6.6,200,2,1,3015210
000584,100445980,6.59,3,2,2,3015254
000584,100446060,6.6,50,2,2,3015314
000584,100446270,6.59,8,2,1,3015557
000584,100446450,6.61,200,2,1,3015715
000584,100446480,6.61,1,2,2,3015756
000584,100446800,6.63,15,2,1,3016084
000584,100446800,6.63,15,2,1,3016086
000584,100446800,6.63,15,2,1,3016090
000584,100447110,6.57,23,2,1,3016346
000584,100447550,0.0,6,1,1,3016703
000584,100447700,6.57,21,2,2,3016851
000584,100448210,6.61,1,2,1,3017369
000584,100448280,6.62,5,2,1,3017474
000584,100448330,6.61,1,2,2,3017533
000584,100448380,6.62,42,2,1,3017590
000584,100448390,6.76,100,2,2,3017593
000584,100448630,6.65,20,2,1,3017910
000584,100448880,6.62,1,2,2,3018186
000584,100449120,6.6,25,2,1,3018483
000584,100449430,6.62,1,2,2,3018833
000584,100449940,6.63,10,2,1,3019295
000584,100450230,6.64,190,2,2,3019584
000584,100450490,6.6,8,2,1,3019881
000584,100450710,6.61,4,2,2,3020072
000584,100450960,6.61,1,2,2,3020279
000584,100451250,6.62,1,2,2,3020544
000584,100451250,6.61,5,2,2,3020547
000584,100451250,6.62,31,2,2,3020553
000584,100451270,6.62,2,2,2,3020597
000584,100451280,6.62,31,2,2,3020603
000584,100451300,6.61,10,2,2,3020623
000584,100451310,6.61,5,2,2,3020631
000584,100451330,6.65,1,2,1,3020661
000584,100451390,6.62,2,2,2,3020716
000584,100451510,6.62,3,2,2,3020871
000584,100451740,6.6,2,2,2,3021231
000584,100451810,6.6,1,2,2,3021310
000584,100451890,6.62,100,2,2,3021400
000584,100452140,6.61,16,2,1,3021709
000584,100452150,6.61,1,2,1,3021725
000584,100452210,6.6,1,2,2,3021787
000584,100452650,6.6,1,2,2,3022273
000584,100452730,6.63,20,2,1,3022341
000584,100452760,6.61,100,2,2,3022382
000584,100452820,6.6,1,2,2,3022436
000584,100452820,6.6,1,2,2,3022438
000584,100452820,6.6,1,2,2,3022442
000584,100453030,6.62,4,2,1,3022653
000584,100453160,6.65,400,2,2,3022759
000584,100453170,6.6,2,2,2,3022781
000584,100453290,6.6,6,2,2,3022921
000584,100453300,6.61,239,2,2,3022932
000584,100453310,6.6,200,2,2,3022935
000584,100453310,6.58,100,2,2,3022942
000584,100453420,6.6,10,2,2,3023028
000584,100453480,6.68,12,2,1,3023066
000584,100453560,6.62,2,2,1,3023198
000584,100453700,6.64,16,2,1,3023327
000584,100453730,6.57,1,2,2,3023354
000584,100453750,6.57,1,2,2,3023369
000584,100453800,6.57,1,2,2,3023407
000584,100453820,6.65,7,2,1,3023419
000584,100453960,6.61,50,2,2,3023572
000584,100454190,6.6,18,2,1,3023762
000584,100454330,6.6,20,2,2,3023924
000584,100454350,6.57,1,2,1,3023955
000584,100454370,6.57,11,2,2,3023975
000584,100454410,6.57,1,2,2,3024009
000584,100454410,6.51,4,2,1,3024019
000584,100454460,6.58,10,2,1,3024083
000584,100454510,6.57,1,2,2,3024128
000584,100454510,6.57,1,2,2,3024130
000584,100454580,6.57,1,2,1,3024197
000584,100454610,6.66,34,2,1,3024223
000584,100455590,6.75,5,2,2,3025211
000584,100455760,6.57,49,2,2,3025336
000584,100455790,6.61,63,2,1,3025373
000584,100455920,6.44,19,2,2,3025489
000584,100455920,6.63,8,2,1,3025491
000584,100456190,6.44,102,2,2,3025734
000584,100456510,6.55,13,2,1,3026058
000584,100456680,6.8,7,2,2,3026227
000584,100456790,6.57,50,2,2,3026357
000584,100457240,6.61,20,2,1,3026782
000584,100457290,6.57,6,2,1,3026824
000584,100457340,6.57,14,2,1,3026903
000584,100457460,6.6,16,2,2,3027022
000584,100457470,6.6,20,2,2,3027036
000584,100457500,6.57,91,2,1,3027078
000584,100457510,6.57,81,2,1,3027080
000584,100457760,6.64,3,2,2,3027408
000584,100458310,6.59,72,2,2,3028000
000584,100458600,6.63,3,2,1,3028224
000584,100458640,6.58,13,2,1,3028260
000584,100458740,6.52,4,2,1,3028354
000584,100458750,6.64,20,2,2,3028364
000584,100459050,6.6,150,2,2,3028601
000584,100459210,6.6,100,2,2,3028731
000584,100459860,6.6,190,2,2,3029303
000584,100500300,6.58,1,2,1,3029779
000584,100500310,6.58,1,2,1,3029781
000584,100500310,6.57,5,2,2,3029782
000584,100500330,6.57,4,2,2,3029812
000584,100500480,6.57,5,2,2,3029996
000584,100500510,6.57,5,2,2,3030040
000584,100500650,6.6,1,2,1,3030204
000584,100500730,6.99,60,2,2,3030293
000584,100500800,6.58,239,2,2,3030387
000584,100501280,6.65,11,2,2,3031022
000584,100501350,6.57,100,2,2,3031083
000584,100502000,6.56,10,2,1,3031847
000584,100502610,6.57,2,2,1,3032455
000584,100502900,6.99,46,2,1,3032721
000584,100503420,6.45,13,2,2,3033251
000584,100503750,6.59,67,2,1,3033613
000584,100503770,6.63,82,2,2,3033649
000584,100504080,6.56,1,2,2,3034056
000584,100504160,6.56,1,2,2,3034162
000584,100504200,6.56,1,2,2,3034202
000584,100504410,6.52,4,2,1,3034436
000584,100504490,6.57,300,2,1,3034540
000584,100504540,6.58,10,2,1,3034586
000584,100505060,6.62,18,2,1,3035083
000584,100505140,6.57,10,2,1,3035150
000584,100505300,6.59,50,2,2,3035320
000584,100505950,6.6,24,2,1,3035938
000584,100506290,6.57,3,2,2,3036287
000584,100506570,6.57,2,2,2,3036643
000584,100506660,6.57,2,2,2,3036792
000584,100506940,6.6,20,2,1,3037151
000584,100507310,6.55,23,2,1,3037567
000584,100507520,6.55,18,2,1,3037798
000584,100507880,6.57,200,2,2,3038183
000584,100507890,6.58,11,2,1,3038192
000584,100507910,6.99,10,2,2,3038202
000584,100508040,6.6,15,2,1,3038320
000584,100508350,6.57,16,2,1,3038609
000584,100508430,6.58,175,2,1,3038690
000584,100508490,6.59,59,2,1,3038748
000584,100509310,6.59,6,2,2,3039617
000584,100509450,6.59,6,2,2,3039797
000584,100509550,6.59,6,2,2,3039903
000584,100509970,6.59,3,2,2,3040503
000584,100510300,6.56,18,2,1,3040829
000584,100510310,6.99,20,2,2,3040838
000584,100510830,6.57,10,2,1,3041355
000584,100511000,6.59,190,2,2,3041511
000584,100512060,6.56,20,2,1,3042429
000584,100512180,6.57,20,2,2,3042581
000584,100512190,6.57,10,2,2,3042584
000584,100512960,6.58,17,2,2,3043594
000584,100512980,6.58,100,2,1,3043629
000584,100513040,6.58,69,2,2,3043885
000584,100513100,6.62,10,2,2,3043945
000584,100514000,6.59,3,2,1,3044709
000584,100514070,6.57,28,2,2,3044769
000584,100514800,6.62,20,2,2,3045527
000584,100514990,6.62,32,2,1,3045707
000584,100515190,6.58,200,2,2,3045906
000584,100515220,6.57,21,2,2,3045939
000584,100515230,6.57,6,2,2,3045957
000584,100515330,6.58,17,2,2,3046054
000584,100515400,6.57,26,2,2,3046110
000584,100515710,6.61,94,2,2,3046475
000584,100515860,6.57,1,2,2,3046635
000584,100515860,6.57,2,2,2,3046637
000584,100515900,6.58,2,2,2,3046662
000584,100515930,6.58,3,2,1,3046690
000584,100515990,6.63,5,2,2,3046775
000584,100516220,6.65,400,2,2,3046976
000584,100516410,6.6,5,2,2,3047154
000584,100516550,6.59,3,2,1,3047262
000584,100516570,6.46,10,2,1,3047272
000584,100516600,6.58,100,2,2,3047304
000584,100516880,6.56,14,2,2,3047532
000584,100516890,6.56,14,2,2,3047537
000584,100516920,6.56,14,2,2,3047568
000584,100516940,6.56,11,2,2,3047589
000584,100516980,6.56,6,2,2,3047645
000584,100517020,6.59,17,2,1,3047667
000584,100517280,6.45,34,2,2,3047896
000584,100518200,6.52,4,2,1,3048747
000584,100518390,6.54,33,2,2,3048974
000584,100518390,6.54,7,2,2,3048982
000584,100518420,6.59,20,2,2,3049012
000584,100518480,6.55,3,2,2,3049122
000584,100518520,6.55,10,2,2,3049204
000584,100518570,6.59,10,2,1,3049277
000584,100519030,6.59,25,2,1,3049989
000584,100519530,6.6,8,2,2,3050617
000584,100519740,6.57,1,2,1,3050897
000584,100519930,6.56,1,2,2,3051113
000584,100519930,6.56,1,2,2,3051115
000584,100519940,6.56,1,2,2,3051134
000584,100520160,6.57,1,2,2,3051367
000584,100520310,6.64,100,2,2,3051527
000584,100520560,6.58,40,2,2,3051763
000584,100520650,6.54,25,2,2,3051849
000584,100520650,6.54,18,2,2,3051857
000584,100520670,6.6,10,2,2,3051886
000584,100521140,6.61,16,2,2,3052327
000584,100521220,6.6,1,2,2,3052414
000584,100521280,6.53,5,2,2,3052506
000584,100521310,6.53,24,2,2,3052538
000584,100521310,6.53,20,2,2,3052540
000584,100521360,6.53,4,2,2,3052665
000584,100521400,6.53,12,2,2,3052722
000584,100521400,6.53,8,2,2,3052728
000584,100522440,6.57,50,2,2,3054252
000584,100522570,6.56,1,2,1,3054467
000584,100522720,6.59,20,2,1,3054601
000584,100522720,6.56,66,2,2,3054610
000584,100523380,6.56,1,2,2,3055286
000584,100523440,6.63,100,2,2,3055335
000584,100523630,6.64,21,2,2,3055518
000584,100524180,6.52,16,2,2,3056134
000584,100524300,6.53,9,2,2,3056352
000584,100524300,6.53,5,2,2,3056354
000584,100524310,6.57,5,2,1,3056356
000584,100524340,6.53,5,2,2,3056391
000584,100524450,6.55,5,2,1,3056533
000584,100527100,6.9,8,2,2,3059664
000584,100527220,6.65,10,2,2,3059834
000584,100527300,6.56,10,2,1,3059991
000584,100527330,6.55,5,2,2,3060020
000584,100527330,6.53,1,2,2,3060023
000584,100527330,6.53,1,2,2,3060025
000584,100527370,6.52,11,2,2,3060069
000584,100527550,6.5,46,2,1,3060333
000584,100527730,6.76,1,2,2,3060594
000584,100527810,6.66,10,2,1,3060720
000584,100528680,6.62,10,2,2,3061478
000584,100529050,6.56,10,2,1,3061745
000584,100529350,6.56,3,2,1,3061991
000584,100530080,6.54,10,2,2,3062779
000584,100530200,6.54,1,2,1,3062954
000584,100530200,6.54,1,2,1,3062955
000584,100530430,6.52,8,2,2,3063354
000584,100531760,6.56,20,2,1,3065229
000584,100532110,6.66,6,2,2,3065543
000584,100532210,6.58,14,2,1,3065702
000584,100532310,6.55,18,2,1,3065820
000584,100532530,6.56,2,2,1,3066014
000584,100532600,6.56,10,2,2,3066106
000584,100532630,6.58,60,2,2,3066143
000584,100532690,6.54,23,2,1,3066190
000584,100532810,6.56,20,2,1,3066335
000584,100532930,6.5,5,2,1,3066439
000584,100532990,6.99,100,1,1,3066531
000584,100533030,6.69,30,2,2,3066594
000584,100533180,6.57,2,2,2,3066823
000584,100533180,6.57,3,2,2,3066825
000584,100533180,6.57,5,2,2,3066827
000584,100533180,6.57,2,2,2,3066829
000584,100533200,6.57,6,2,2,3066861
000584,100533210,6.57,3,2,2,3066864
000584,100533340,6.57,1,2,1,3067111
000584,100533450,6.54,6,2,2,3067240
000584,100533450,6.54,12,2,2,3067252
000584,100533490,6.54,7,2,1,3067309
000584,100533570,6.57,73,2,2,3067420
000584,100533650,6.55,100,2,1,3067558
000584,100533710,6.57,1,2,2,3067622
000584,100533710,6.57,2,2,2,3067626
000584,100533810,6.57,1,2,2,3067786
000584,100533840,6.55,10,2,1,3067818
000584,100533890,6.52,50,2,1,3067896
000584,100533910,6.53,2,2,1,3067915
000584,100534490,6.38,20,2,1,3068573
000584,100534800,6.56,20,2,1,3068914
000584,100535040,6.54,21,2,1,3069163
000584,100535500,6.58,20,2,1,3069584
000584,100535620,6.55,15,2,1,3069707
000584,100535970,6.57,20,2,2,3070014
000584,100536160,6.56,1,2,2,3070221
000584,100536160,6.56,1,2,2,3070223
000584,100536160,6.56,2,2,2,3070225
000584,100536160,6.56,1,2,2,3070227
000584,100536200,6.56,1,2,2,3070259
000584,100536200,6.56,1,2,2,3070261
000584,100536230,6.54,3,2,2,3070279
000584,100536230,6.54,22,2,2,3070286
000584,100536280,6.54,3,2,2,3070346
000584,100536320,6.57,1,2,2,3070401
000584,100536330,6.57,1,2,2,3070404
000584,100536360,6.54,5,2,2,3070467
000584,100536430,6.57,1,2,2,3070552
000584,100536430,6.57,1,2,2,3070553
000584,100536450,6.57,1,2,2,3070590
000584,100536460,6.57,2,2,2,3070603
000584,100536460,6.57,1,2,2,3070604
000584,100536480,6.56,1,2,2,3070640
000584,100536490,6.56,1,2,2,3070660
000584,100536530,6.57,1,2,2,3070718
000584,100536530,6.5,4,2,1,3070719
000584,100536540,6.56,1,2,2,3070738
000584,100536560,6.57,1,2,2,3070759
000584,100536590,6.57,5,2,2,3070820
000584,100536670,6.53,15,2,1,3070983
000584,100536740,6.57,2,2,2,3071085
000584,100536740,6.57,3,2,2,3071093
000584,100536810,6.54,28,2,1,3071161
000584,100536880,6.58,3,2,1,3071235
000584,100537020,6.57,21,2,2,3071435
000584,100537220,6.57,1,2,2,3071740
000584,100537390,6.57,132,2,2,3071874
000584,100537890,6.57,1,2,2,3072332
000584,100538430,6.56,1,2,2,3072937
000584,100538430,6.56,1,2,2,3072938
000584,100538450,6.57,10,2,2,3072957
000584,100538540,6.56,1,2,2,3073041
000584,100538690,6.57,2,2,2,3073156
000584,100538740,6.56,1,2,2,3073202
000584,100538750,6.56,1,2,2,3073263
000584,100538960,6.56,1,2,2,3073450
000584,100539040,6.56,1,2,2,3073550
000584,100539090,6.56,2,2,2,3073615
000584,100539170,6.53,25,2,2,3073754
000584,100539170,6.53,5,2,2,3073759
000584,100539190,6.53,7,2,2,3073787
000584,100539250,6.56,1,2,2,3073850
000584,100539290,6.57,100,2,2,3073907
000584,100539990,6.55,1,2,1,3074982
000584,100540030,6.75,22,2,2,3075035
000584,100540720,6.57,32,2,2,3075846
000584,100540940,6.57,23,2,1,3076030
000584,100541000,6.99,10,2,2,3076080
000584,100541580,6.57,10,2,1,3076633
000584,100542100,6.56,129,2,1,3077207
000584,100542160,6.56,50,2,1,3077296
000584,100542200,6.55,1,2,1,3077356
000584,100542210,6.55,1,2,1,3077362
000584,100542270,6.53,5,2,2,3077438
000584,100542270,6.53,3,2,2,3077443
000584,100542280,6.53,2,2,2,3077461
000584,100542290,6.56,6,2,2,3077470
000584,100542310,6.56,14,2,2,3077503
000584,100542380,6.56,1,2,1,3077613
000584,100542390,6.53,17,2,2,3077625
000584,100542660,6.56,10,2,2,3078039
000584,100543030,6.61,4,2,2,3078493
000584,100543120,6.55,4,2,1,3078581
000584,100543300,6.55,10,2,1,3078779
000584,100543740,6.56,16,2,1,3079268
000584,100544520,6.56,1,2,2,3079997
000584,100544650,6.56,11,2,1,3080121
000584,100545090,6.56,30,2,1,3080482
000584,100545290,6.54,15,2,2,3080734
000584,100545290,6.54,3,2,2,3080737
000584,100545300,6.54,22,2,2,3080747
000584,100545310,6.54,3,2,2,3080760
000584,100545380,6.5,1,2,1,3080817
000584,100546050,6.7,30,2,2,3081641
000584,100546930,6.56,345,2,1,3082461
000584,100548220,6.56,1,2,1,3083765
000584,100548220,6.56,1,2,1,3083766
000584,100548250,6.55,33,2,2,3083935
000584,100548260,6.55,11,2,2,3083950
000584,100548260,6.55,17,2,2,3083958
000584,100548260,6.55,8,2,2,3083961
000584,100548270,6.55,8,2,2,3084013
000584,100548330,6.55,7,2,2,3084085
000584,100548620,6.56,18,2,1,3084449
000584,100548690,6.57,20,2,2,3084597
000584,100548850,6.57,82,2,1,3084820
000584,100548870,6.59,180,2,1,3084856
000584,100549530,6.57,200,2,1,3085589
000584,100549750,6.57,6,2,1,3085783
000584,100549750,6.58,150,2,1,3085788
000584,100550090,6.59,1,2,1,3086125
000584,100550090,6.59,1,2,1,3086127
000584,100550100,6.59,1,2,1,3086138
000584,100550240,6.68,231,2,2,3086286
000584,100550370,6.56,1,2,1,3086413
000584,100550520,6.6,105,2,1,3086554
000584,100550730,6.6,1,2,1,3086756
000584,100550740,6.59,200,2,1,3086761
000584,100550790,6.6,1,2,1,3086794
000584,100551030,6.59,200,2,1,3086981
000584,100551070,6.6,500,2,1,3087014
000584,100551130,6.59,7,2,2,3087104
000584,100551170,6.59,5,2,2,3087149
000584,100551170,6.59,6,2,2,3087151
000584,100551170,6.59,4,2,2,3087153
000584,100551170,6.59,8,2,2,3087155
000584,100551200,6.58,22,2,2,3087194
000584,100551210,6.6,6,2,1,3087196
000584,100551250,6.59,6,2,2,3087273
000584,100551260,6.59,1,2,2,3087286
000584,100551260,6.6,14,2,1,3087296
000584,100551350,6.59,1,2,2,3087415
000584,100551510,6.6,91,2,1,3087611
000584,100551590,6.6,81,2,1,3087727
000584,100551790,6.6,100,2,1,3088108
000584,100551870,6.59,13,2,2,3088220
000584,100551980,6.59,1,2,2,3088342
000584,100551980,6.59,1,2,2,3088351
000584,100552020,6.59,1,2,2,3088425
000584,100552040,6.59,2,2,2,3088443
000584,100552060,6.59,2,2,2,3088460
000584,100552110,6.59,13,2,2,3088511
000584,100552280,6.59,8,2,2,3088678
000584,100552280,6.59,6,2,2,3088684
000584,100552310,6.57,10,2,1,3088699
000584,100552320,6.59,4,2,2,3088712
000584,100552320,6.59,1,2,2,3088714
000584,100552590,6.56,30,2,2,3088976
000584,100552620,6.59,1,2,2,3088992
000584,100552670,6.7,99,2,2,3089045
000584,100552670,6.55,30,2,1,3089048
000584,100553030,6.67,50,2,1,3089348
000584,100553520,6.58,50,2,1,3089760
000584,100553550,6.68,50,2,1,3089805
000584,100553550,6.61,150,2,1,3089809
000584,100553720,6.57,10,2,1,3090053
000584,100553910,6.58,20,2,2,3090272
000584,100553970,6.57,10,2,1,3090335
000584,100554020,6.62,101,2,1,3090401
000584,100554240,6.63,31,2,1,3090662
000584,100554240,6.63,31,2,1,3090679
000584,100554250,6.61,7,2,2,3090702
000584,100554260,6.63,32,2,1,3090709
000584,100554280,6.61,4,2,2,3090724
000584,100554280,6.61,1,2,2,3090730
000584,100554340,6.61,1,2,1,3090795
000584,100554380,6.61,1,2,2,3090851
000584,100554690,6.62,61,2,2,3091300
000584,100555140,6.68,50,2,1,3091877
000584,100555240,6.57,23,2,1,3092016
000584,100556010,6.71,50,2,1,3092949
000584,100556040,6.62,184,2,1,3092963
000584,100556050,6.6,50,2,1,3092970
000584,100556620,6.99,30,2,2,3093553
000584,100556630,6.62,19,2,1,3093565
000584,100557110,6.64,100,2,1,3093932
000584,100557220,6.62,23,2,2,3094053
000584,100557250,6.62,3,2,2,3094085
000584,100557280,6.62,1,2,1,3094121
000584,100557280,6.62,66,2,2,3094124
000584,100557410,6.62,11,2,2,3094277
000584,100557410,6.62,4,2,2,3094279
000584,100557410,6.62,2,2,2,3094281
000584,100557450,6.55,10,2,1,3094320
000584,100557450,6.62,16,2,2,3094326
000584,100557470,6.63,1,2,1,3094372
000584,100557670,6.59,1,2,2,3094614
000584,100557970,6.62,10,2,1,3095016
000584,100559050,6.63,14,2,2,3096267
000584,100559980,6.62,137,2,1,3097151
000584,100600040,6.62,94,2,2,3097198
000584,100600260,6.61,4,2,2,3097437
000584,100600270,6.61,2,2,2,3097450
000584,100600290,6.61,3,2,2,3097483
000584,100600310,6.61,13,2,2,3097502
000584,100600390,6.62,151,2,2,3097573
000584,100600650,6.56,1,2,2,3097919
000584,100600650,6.57,2,2,2,3097921
000584,100600680,6.6,82,2,2,3097958
000584,100601530,6.36,3,2,1,3098919
000584,100601590,6.98,17,2,2,3098972
000584,100602530,6.63,2,2,1,3099848
000584,100602820,6.64,2,2,2,3100143
000584,100602880,6.61,257,2,2,3100170
000584,100602880,6.64,8,2,1,3100178
000584,100603190,6.57,1,2,1,3100510
000584,100603190,6.58,3,2,1,3100513
000584,100603210,6.57,1,2,1,3100527
000584,100603210,6.57,1,2,1,3100528
000584,100603310,6.58,40,2,1,3100595
000584,100603690,6.6,16,2,2,3101108
000584,100603690,6.57,20,2,1,3101109
000584,100603740,6.65,171,2,1,3101178
000584,100603810,6.6,1,2,2,3101273
000584,100603830,6.63,60,2,2,3101291
000584,100603880,6.57,16,2,1,3101356
000584,100604180,6.63,10,2,1,3101705
000584,100604280,6.58,34,2,1,3101829
000584,100605060,6.63,55,2,1,3102603
000584,100605830,6.91,20,2,2,3103392
000584,100605830,6.64,10,2,2,3103398
000584,100606100,6.59,1,2,1,3103636
000584,100606110,6.59,6,2,1,3103646
000584,100606140,6.58,1,2,1,3103665
000584,100606140,6.58,1,2,1,3103666
000584,100606140,6.58,1,2,1,3103669
000584,100606250,6.59,3,2,1,3103763
000584,100606330,6.59,7,2,1,3103886
000584,100606480,6.59,2,2,1,3104131
000584,100606490,6.6,105,2,2,3104155
000584,100606690,6.6,184,2,2,3104464
000584,100606760,6.56,50,2,2,3104587
000584,100607320,6.68,51,2,1,3105281
000584,100607610,6.6,10,2,1,3105545
000584,100607740,6.63,39,2,2,3105653
000584,100607840,6.64,4,2,1,3105756
000584,100608090,6.63,10,2,2,3105998
000584,100608440,6.59,54,2,2,3106361
000584,100608560,6.59,200,2,2,3106467
000584,100608690,6.58,13,2,1,3106597
000584,100608850,6.48,9,2,1,3106722
000584,100609060,6.6,100,2,2,3106936
000584,100609260,6.61,8,2,1,3107254
000584,100609270,6.57,5,2,2,3107264
000584,100609330,6.57,4,2,2,3107338
000584,100609440,6.58,1,2,2,3107470
000584,100609770,6.64,40,2,2,3107875
000584,100610480,6.59,180,2,2,3108627
000584,100610800,6.64,40,2,2,3108987
000584,100610960,6.63,70,2,2,3109124
000584,100611390,6.64,10,2,2,3109503
000584,100611600,6.6,12,2,1,3109713
000584,100611700,6.6,99,2,2,3109781
000584,100612000,6.58,4,2,1,3110091
000584,100612310,6.61,6,2,1,3110369
000584,100612350,6.57,2,2,2,3110428
000584,100612380,6.57,1,2,2,3110484
000584,100612450,6.57,3,2,2,3110573
000584,100612450,6.57,8,2,2,3110575
000584,100612470,6.58,54,2,2,3110596
000584,100612710,6.58,200,2,2,3111063
000584,100612760,6.65,2,2,2,3111144
000584,100612790,6.58,50,2,2,3111194
000584,100612800,6.99,184,2,2,3111218
000584,100613130,6.73,10,2,2,3111709
000584,100613220,6.58,10,2,1,3111839
000584,100613230,6.6,70,2,2,3111846
000584,100615170,6.56,8,2,2,3113929
000584,100615170,6.56,2,2,2,3113932
000584,100615180,6.56,5,2,2,3113944
000584,100615180,6.56,2,2,2,3113947
000584,100615180,6.56,1,2,2,3113949
000584,100615180,6.56,1,2,2,3113953
000584,100615180,6.56,1,2,2,3113957
000584,100615180,6.56,1,2,2,3113961
000584,100615190,6.56,1,2,2,3113976
000584,100615190,6.56,1,2,2,3113983
000584,100615190,6.56,1,2,2,3113985
000584,100615190,6.56,3,2,2,3113987
000584,100615200,6.56,5,2,2,3113998
000584,100615200,6.56,0,2,2,3114004
000584,100615200,6.56,1,2,2,3114006
000584,100615370,6.56,1,2,2,3114263
000584,100615370,6.56,2,2,2,3114265
000584,100615760,6.63,60,2,2,3114808
000584,100616090,6.64,60,2,2,3115275
000584,100616150,6.57,243,2,2,3115376
000584,100616270,6.58,100,2,2,3115578
000584,100616280,6.6,10,2,2,3115612
000584,100616450,6.58,5,2,2,3115792
000584,100616530,6.57,10,2,1,3115860
000584,100617290,6.58,50,2,2,3116692
000584,100617360,6.99,247,2,2,3116759
000584,100617430,6.56,24,2,1,3116834
000584,100617830,6.99,1,2,2,3117246
000584,100617990,6.58,126,2,2,3117417
000584,100618190,6.54,5,2,1,3117655
000584,100618260,6.6,20,2,2,3117733
000584,100618360,6.68,7,2,1,3117860
000584,100620590,6.6,5,2,1,3120504
000584,100621210,6.57,55,2,1,3121050
000584,100621890,6.56,1,2,1,3122074
000584,100622100,6.56,180,2,2,3122335
000584,100622290,6.57,20,2,1,3122574
000584,100622480,6.58,1,2,2,3122797
000584,100622570,6.56,13,2,1,3122973
000584,100622620,6.57,200,2,2,3123029
000584,100622620,6.57,184,2,2,3123031
000584,100622710,6.57,79,2,2,3123123
000584,100622820,6.55,4,2,1,3123238
000584,100623200,6.58,13,2,1,3123680
000584,100623570,6.56,319,2,2,3124104
000584,100623610,6.98,100,2,2,3124153
000584,100624170,6.64,40,2,2,3124701
000584,100624410,6.57,1,2,2,3125052
000584,100624420,6.56,100,2,2,3125063
000584,100624420,6.57,1,2,1,3125067
000584,100624800,6.68,119,2,2,3125682
000584,100624850,6.58,50,2,1,3125754
000584,100625180,6.58,30,2,1,3126198
000584,100626380,6.57,10,2,1,3127790
000584,100626630,6.54,109,2,2,3128122
000584,100627150,6.56,50,2,1,3128805
000584,100627350,6.56,82,2,2,3129141
000584,100627370,6.57,23,2,1,3129175
000584,100627590,6.56,19,2,2,3129540
000584,100627710,6.55,21,2,1,3129788
000584,100628110,6.56,100,2,2,3130437
000584,100628160,6.57,10,2,2,3130480
000584,100628520,6.55,10,2,1,3130948
000584,100629130,6.72,5,2,2,3131713
000584,100629490,6.55,184,2,2,3132178
000584,100629850,6.57,30,2,1,3132677
000584,100629920,6.59,5,2,2,3132762
000584,100630290,6.53,14,2,1,3133187
000584,100631440,6.55,8,2,1,3134908
000584,100631940,6.65,4,2,2,3135558
000584,100633150,6.55,8,2,2,3137065
000584,100634660,6.6,20,2,2,3139249
000584,100634900,6.55,50,2,2,3139488
000584,100634910,6.54,126,2,2,3139489
000584,100634920,6.5,13,2,1,3139506
000584,100635120,6.66,119,2,2,3139789
000584,100635160,6.7,5,2,2,3139834
000584,100635330,6.55,11,2,1,3140043
000584,100636710,6.99,39,2,2,3141896
000584,100636800,6.64,10,2,2,3142058
000584,100636810,6.49,10,2,1,3142089
000584,100637380,6.55,10,2,1,3142977
000584,100637690,6.54,21,2,2,3143394
000584,100638080,6.51,35,2,1,3143840
000584,100638540,6.54,35,2,1,3144325
000584,100638680,6.55,3,2,2,3144479
000584,100638720,6.55,5,2,1,3144536
000584,100638990,6.53,167,2,2,3144951
000584,100639100,6.53,1,2,1,3145068
000584,100639260,6.65,6,2,2,3145342
000584,100639300,6.54,6,2,1,3145403
000584,100639360,6.54,14,2,1,3145550
000584,100639680,6.67,20,2,2,3146120
000584,100639680,6.54,91,2,1,3146135
000584,100639710,6.54,81,2,1,3146180
000584,100639880,6.65,19,2,2,3146521
000584,100640170,6.57,10,2,2,3147020
000584,100640350,6.98,10,2,2,3147222
000584,100640920,6.55,10,2,1,3147878
000584,100641180,6.01,41,2,1,3148119
000584,100641480,6.51,10,2,1,3148513
000584,100641640,6.54,16,2,1,3148666
000584,100641640,6.53,30,2,1,3148669
000584,100641970,6.52,84,2,1,3149009
000584,100642340,6.54,1,2,1,3149491
000584,100642740,6.56,1,2,1,3150247
000584,100642760,6.54,5,2,2,3150339
000584,100642930,6.52,4,2,1,3150652
000584,100643230,6.5,10,2,1,3151089
000584,100643390,6.69,47,2,2,3151311
000584,100643550,6.45,10,2,1,3151451
000584,100645380,6.5,18,2,1,3153521
000584,100645530,6.52,100,2,1,3153854
000584,100645560,6.49,34,2,1,3153902
000584,100645730,6.53,24,2,1,3154234
000584,100645990,6.59,12,2,2,3154807
000584,100646680,6.53,30,2,1,3155667
000584,100647330,6.64,30,2,2,3156244
000584,100648340,6.6,400,2,2,3157280
000584,100648790,6.54,20,2,1,3157992
000584,100648930,6.35,30,2,1,3158171
000584,100648990,6.51,18,2,1,3158271
000584,100649000,6.53,21,2,1,3158275
000584,100649040,6.54,5,2,1,3158331
000584,100649530,6.99,160,2,2,3158930
000584,100650530,6.53,31,2,1,3159965
000584,100650750,6.53,100,2,1,3160219
000584,100651940,6.53,3,2,1,3161864
000584,100652230,6.63,20,2,2,3162317
000584,100652310,6.33,10,2,1,3162407
000584,100652330,6.53,120,2,1,3162420
000584,100653010,6.54,99,2,1,3163136
000584,100653080,6.53,30,2,1,3163218
000584,100653090,6.54,10,2,1,3163242
000584,100653360,6.54,50,2,1,3163483
000584,100653500,6.52,28,2,1,3163603
000584,100653580,6.54,2,2,2,3163686
000584,100653800,6.0,5,2,1,3163933
000584,100654100,6.8,20,2,2,3164276
000584,100654190,6.55,1,2,1,3164386
000584,100654190,6.55,3,2,1,3164388
000584,100654210,6.55,1,2,1,3164403
000584,100654260,6.55,1,2,1,3164518
000584,100654600,6.54,10,2,1,3165076
000584,100654670,6.54,50,2,1,3165179
000584,100654680,6.54,100,2,1,3165190
000584,100655010,6.54,30,2,1,3165753
000584,100655890,6.5,60,2,1,3166791
000584,100655900,6.55,100,2,1,3166805
000584,100655980,6.52,28,2,1,3166933
000584,100656030,6.55,22,2,1,3167015
000584,100656070,6.56,30,2,1,3167052
000584,100656420,6.54,44,2,1,3167412
000584,100656590,6.55,50,2,1,3167576
000584,100656910,6.54,5,2,2,3167956
000584,100656960,6.6,16,2,2,3168015
000584,100657230,6.55,2,2,1,3168306
000584,100657270,6.55,2,2,1,3168404
000584,100657270,6.55,2,2,1,3168406
000584,100657270,6.55,2,2,1,3168408
000584,100657310,6.56,1,2,1,3168449
000584,100657950,6.6,2,2,2,3169608
000584,100658090,6.55,1,2,1,3169825
000584,100658530,6.5,21,2,1,3170514
000584,100658540,6.57,3,2,1,3170529
000584,100658570,6.56,10,2,2,3170571
000584,100659570,6.56,75,2,1,3171730
000584,100700120,6.62,10,2,2,3172358
000584,100700130,6.55,7,2,1,3172385
000584,100700250,6.55,6,2,1,3172624
000584,100700450,6.67,32,2,2,3172881
000584,100700650,6.52,10,2,1,3173270
000584,100700780,6.7,2,2,2,3173457
000584,100701820,6.55,15,2,1,3174615
000584,100702340,6.59,6,2,2,3175195
000584,100702570,6.56,60,2,2,3175353
000584,100702610,6.9,20,2,2,3175424
000584,100703240,6.54,17,2,1,3176145
000584,100703730,6.56,2,2,2,3176905
000584,100703810,6.65,60,2,2,3177087
000584,100704910,6.57,10,2,1,3178423
000584,100705010,6.99,10,2,2,3178557
000584,100705510,6.53,63,2,1,3179153
000584,100706230,6.57,2,2,1,3179904
000584,100706240,6.57,2,2,1,3179937
000584,100706250,6.57,2,2,1,3179961
000584,100706270,6.57,2,2,1,3179976
000584,100707110,6.57,1,2,1,3180954
000584,100707900,6.56,100,2,1,3181835
000584,100708080,6.54,30,2,1,3182043
000584,100708090,6.59,10,2,2,3182059
000584,100708820,6.57,20,2,2,3182836
000584,100709220,6.57,1,2,1,3183252
000584,100709380,6.56,1,2,2,3183406
000584,100709680,6.56,5,2,1,3183806
000584,100709830,6.56,200,2,2,3184007
000584,100709870,6.56,21,2,1,3184051
000584,100710040,6.55,40,2,1,3184282
000584,100710050,6.57,7,2,1,3184319
000584,100710120,6.75,10,2,2,3184397
000584,100710390,6.57,79,2,1,3184687
000584,100710420,6.99,4,2,2,3184705
000584,100710480,6.57,50,2,1,3184781
000584,100710540,6.56,81,2,1,3184842
000584,100710610,6.56,24,2,1,3184908
000584,100710610,6.57,13,2,1,3184910
000584,100710720,6.56,5,2,2,3185014
000584,100710870,6.56,10,2,1,3185161
000584,100711570,6.56,1,2,2,3185837
000584,100711640,6.6,4,2,2,3185923
000584,100712230,6.57,1,2,1,3186517
000584,100712460,6.5,50,2,2,3186774
000584,100712830,6.56,88,2,1,3187275
000584,100712930,6.57,1,2,1,3187374
000584,100713510,6.56,1,2,2,3188012
000584,100713590,6.56,10,2,1,3188080
000584,100714780,6.56,10,2,1,3189298
000584,100715030,6.45,291,2,1,3189512
000584,100715160,6.57,1,2,1,3189623
000584,100715470,6.57,1,2,1,3189955
000584,100715880,6.58,20,2,1,3190459
000584,100716250,6.57,13,2,2,3190835
000584,100716390,6.59,10,2,2,3191001
000584,100716660,6.63,32,2,2,3191295
000584,100717080,6.57,100,2,2,3191630
000584,100717690,6.53,50,2,1,3192189
000584,100718250,6.46,3,2,1,3192715
000584,100718460,6.6,5,2,2,3192984
000584,100718730,6.64,9,2,2,3193301
000584,100718750,6.58,1,2,1,3193325
000584,100720850,6.53,26,2,1,3195626
000584,100720970,6.57,44,2,1,3195754
000584,100722590,6.57,56,2,1,3197664
000584,100722710,6.51,5,2,1,3197774
000584,100723590,6.57,5,2,1,3198607
000584,100724140,6.56,1,2,1,3199141
000584,100724190,6.6,10,2,2,3199183
000584,100724630,6.57,1,2,1,3199636
000584,100726510,6.57,5,2,1,3201705
000584,100726600,6.57,10,2,1,3201765
000584,100727040,6.4,19,2,1,3202147
000584,100727260,6.57,4,2,1,3202346
000584,100727280,6.57,23,2,1,3202371
000584,100727430,6.57,1,2,1,3202577
000584,100727700,6.57,51,2,1,3202912
000584,100728020,6.57,30,2,1,3203246
000584,100729650,6.57,2,2,1,3204696
000584,100730130,6.54,4,2,1,3205101
000584,100730140,6.57,20,2,2,3205112
000584,100730190,6.57,55,2,1,3205184
000584,100730740,6.59,20,2,2,3205913
000584,100731710,6.57,50,2,1,3206904
000584,100732100,6.57,5,2,1,3207310
000584,100732860,6.57,50,2,1,3207966
000584,100733390,6.57,5,2,2,3208493
000584,100733630,6.53,10,2,1,3208782
000584,100733920,6.45,10,2,1,3209136
000584,100734240,6.99,5,2,2,3209450
000584,100734850,6.57,72,2,1,3210012
000584,100736220,6.58,2,2,1,3211100
000584,100736290,6.56,30,2,1,3211181
